<?xml version="1.0" encoding="UTF-8"?>
<!DOCTYPE html PUBLIC "-//W3C//DTD XHTML 1.0 Transitional//EN"
    "http://www.w3.org/TR/xhtml1/DTD/xhtml1-transitional.dtd">
<html xmlns="http://www.w3.org/1999/xhtml" xml:lang="en" lang="en">
 <head>
  <title>
</title>
<meta http-equiv="Content-Type" content="text/html;charset=utf-8" />
  <meta name='ocr-system' content='tesseract 3.04.00' />
  <meta name='ocr-capabilities' content='ocr_page ocr_carea ocr_par ocr_line ocrx_word'/>
</head>
<body>
  <div class='ocr_page' id='page_1' title='image "./deconjunctiviet00pollgoog_0010.png"; bbox 0 0 2992 4988; ppageno 0'>
   <div class='ocr_carea' id='block_1_1' title="bbox 691 351 710 413">
    <p class='ocr_par' dir='ltr' id='par_1_1' title="bbox 691 351 710 413">
     <span class='ocr_line' id='line_1_1' title="bbox 691 351 710 413; baseline 0 0"><span class='ocrx_word' id='word_1_1' title='bbox 691 351 710 413; x_wconf 89' lang='lat'><strong>3</strong></span> 
     </span>
    </p>
   </div>
   <div class='ocr_carea' id='block_1_2' title="bbox 64 541 1335 1051">
    <p class='ocr_par' dir='ltr' id='par_1_2' title="bbox 64 541 1335 927">
     <span class='ocr_line' id='line_1_2' title="bbox 120 541 1283 624; baseline -0.003 -16"><span class='ocrx_word' id='word_1_2' title='bbox 120 545 262 621; x_wconf 80' lang='lat' dir='ltr'>Homero,</span> <span class='ocrx_word' id='word_1_3' title='bbox 287 545 313 607; x_wconf 88' lang='lat' dir='ltr'><strong>si</strong></span> <span class='ocrx_word' id='word_1_4' title='bbox 336 543 476 607; x_wconf 77' lang='lat' dir='ltr'><strong>futurum</strong></span> <span class='ocrx_word' id='word_1_5' title='bbox 500 543 673 624; x_wconf 78' lang='lat' dir='ltr'><strong>imperativi</strong></span> <span class='ocrx_word' id='word_1_6' title='bbox 688 543 753 607; x_wconf 87' lang='lat' dir='ltr'><strong>vioe</strong></span> <span class='ocrx_word' id='word_1_7' title='bbox 767 542 854 624; x_wconf 88' lang='lat' dir='ltr'><strong>fungi</strong></span> <span class='ocrx_word' id='word_1_8' title='bbox 870 541 1064 618; x_wconf 84' lang='lat' dir='ltr'><strong>contendunt,</strong></span> <span class='ocrx_word' id='word_1_9' title='bbox 1088 541 1111 603; x_wconf 89' lang='lat' dir='ltr'><strong>ii</strong></span> <span class='ocrx_word' id='word_1_10' title='bbox 1125 541 1157 604; x_wconf 92' lang='lat' dir='ltr'><strong>in</strong></span> <span class='ocrx_word' id='word_1_11' title='bbox 1172 558 1283 622; x_wconf 87' lang='lat' dir='ltr'><strong>magno</strong></span> 
     </span>
     <span class='ocr_line' id='line_1_3' title="bbox 120 647 1285 731; baseline -0.003 -18"><span class='ocrx_word' id='word_1_12' title='bbox 120 651 197 713; x_wconf 91' lang='lat' dir='ltr'><strong>mihi</strong></span> <span class='ocrx_word' id='word_1_13' title='bbox 219 649 332 714; x_wconf 85' lang='lat' dir='ltr'><strong>versari</strong></span> <span class='ocrx_word' id='word_1_14' title='bbox 354 648 495 714; x_wconf 91' lang='lat' dir='ltr'><strong>videntur</strong></span> <span class='ocrx_word' id='word_1_15' title='bbox 518 667 630 724; x_wconf 90' lang='lat' dir='ltr'><strong>errore;</strong></span> <span class='ocrx_word' id='word_1_16' title='bbox 667 649 747 731; x_wconf 94' lang='lat' dir='ltr'><strong>quod</strong></span> <span class='ocrx_word' id='word_1_17' title='bbox 770 647 883 712; x_wconf 89' lang='lat' dir='ltr'><strong>nemini</strong></span> <span class='ocrx_word' id='word_1_18' title='bbox 906 647 1004 711; x_wconf 84' lang='lat' dir='ltr'><strong>adhue</strong></span> <span class='ocrx_word' id='word_1_19' title='bbox 1027 647 1120 711; x_wconf 89' lang='lat' dir='ltr'><strong>etiam</strong></span> <span class='ocrx_word' id='word_1_20' title='bbox 1143 648 1285 711; x_wconf 78' lang='lat' dir='ltr'><strong>futurum</strong></span> 
     </span>
     <span class='ocr_line' id='line_1_4' title="bbox 122 752 1335 839; baseline -0.002 -20"><span class='ocrx_word' id='word_1_21' title='bbox 122 776 175 838; x_wconf 89' lang='lat' dir='ltr'><strong>pro</strong></span> <span class='ocrx_word' id='word_1_22' title='bbox 211 756 400 839; x_wconf 78' lang='lat' dir='ltr'><strong>conjunctivo</strong></span> <span class='ocrx_word' id='word_1_23' title='bbox 434 754 567 838; x_wconf 88' lang='lat' dir='ltr'><strong>positum</strong></span> <span class='ocrx_word' id='word_1_24' title='bbox 604 773 669 820; x_wconf 89' lang='lat' dir='ltr'><strong>esse</strong></span> <span class='ocrx_word' id='word_1_25' title='bbox 703 756 735 819; x_wconf 89' lang='lat' dir='ltr'><strong>in</strong></span> <span class='ocrx_word' id='word_1_26' title='bbox 768 756 902 818; x_wconf 88' lang='lat' dir='ltr'><strong>mentem</strong></span> <span class='ocrx_word' id='word_1_27' title='bbox 935 752 1075 817; x_wconf 79' lang='lat' dir='ltr'><strong>inciderit</strong></span> <span class='ocrx_word' id='word_1_28' title='bbox 1105 752 1193 817; x_wconf 88' lang='lat' dir='ltr'><strong>valde</strong></span> <span class='ocrx_word' id='word_1_29' title='bbox 1216 772 1285 817; x_wconf 92' lang='lat' dir='ltr'><strong>sum</strong></span> <span class='ocrx_word' id='word_1_30' title='bbox 1333 835 1335 838; x_wconf 9' lang='lat' dir='ltr'>y</span> 
     </span>
     <span class='ocr_line' id='line_1_5' title="bbox 64 854 774 927; baseline 0.008 -2"><span class='ocrx_word' id='word_1_31' title='bbox 64 906 72 918; x_wconf 82' lang='lat'><strong>.</strong></span> <span class='ocrx_word' id='word_1_32' title='bbox 120 863 259 927; x_wconf 78' lang='lat' dir='ltr'><strong>miratus,</strong></span> <span class='ocrx_word' id='word_1_33' title='bbox 769 854 774 862; x_wconf 66' lang='grc'><strong>’</strong></span> 
     </span>
    </p>

    <p class='ocr_par' dir='ltr' id='par_1_3' title="bbox 209 965 1286 1051">
     <span class='ocr_line' id='line_1_6' title="bbox 209 965 1286 1051; baseline -0.004 -18"><span class='ocrx_word' id='word_1_34' title='bbox 209 969 386 1051; x_wconf 83' lang='lat' dir='ltr'><strong>Antequam</strong></span> <span class='ocrx_word' id='word_1_35' title='bbox 417 968 453 1031; x_wconf 92' lang='lat' dir='ltr'><strong>de</strong></span> <span class='ocrx_word' id='word_1_36' title='bbox 489 966 621 1050; x_wconf 90' lang='lat' dir='ltr'><strong>genuina</strong></span> <span class='ocrx_word' id='word_1_37' title='bbox 657 966 839 1050; x_wconf 86' lang='lat' dir='ltr'><strong>oonjunotivi</strong></span> <span class='ocrx_word' id='word_1_38' title='bbox 873 967 904 1030; x_wconf 90' lang='lat' dir='ltr'><strong>et</strong></span> <span class='ocrx_word' id='word_1_39' title='bbox 937 966 1033 1030; x_wconf 89' lang='lat' dir='ltr'><strong>futuri</strong></span> <span class='ocrx_word' id='word_1_40' title='bbox 1066 965 1286 1049; x_wconf 83' lang='lat' dir='ltr'><strong>significatione</strong></span> 
     </span>
    </p>
   </div>
   <div class='ocr_carea' id='block_1_3' title="bbox 121 1071 1422 1155">
    <p class='ocr_par' dir='ltr' id='par_1_4' title="bbox 121 1071 1422 1155">
     <span class='ocr_line' id='line_1_7' title="bbox 121 1071 1422 1155; baseline -0.003 -16"><span class='ocrx_word' id='word_1_41' title='bbox 121 1075 212 1140; x_wconf 90' lang='lat' dir='ltr'><strong>verba</strong></span> <span class='ocrx_word' id='word_1_42' title='bbox 234 1075 362 1153; x_wconf 80' lang='lat' dir='ltr'><strong>faciam,</strong></span> <span class='ocrx_word' id='word_1_43' title='bbox 387 1072 614 1155; x_wconf 85' lang='lat' dir='ltr'><strong>disquirendum</strong></span> <span class='ocrx_word' id='word_1_44' title='bbox 644 1071 782 1151; x_wconf 82' lang='lat' dir='ltr'><strong>videtur,</strong></span> <span class='ocrx_word' id='word_1_45' title='bbox 807 1090 939 1154; x_wconf 90' lang='lat' dir='ltr'><strong>quonam</strong></span> <span class='ocrx_word' id='word_1_46' title='bbox 968 1071 1057 1135; x_wconf 94' lang='lat' dir='ltr'><strong>modo</strong></span> <span class='ocrx_word' id='word_1_47' title='bbox 1080 1072 1158 1137; x_wconf 89' lang='lat' dir='ltr'><strong>hano</strong></span> <span class='ocrx_word' id='word_1_48' title='bbox 1180 1072 1286 1154; x_wconf 90' lang='lat' dir='ltr'><strong>primi-</strong></span> <span class='ocrx_word' id='word_1_49' title='bbox 1416 1118 1422 1135; x_wconf 44' lang='lat' dir='ltr'><strong>r</strong></span> 
     </span>
    </p>
   </div>
   <div class='ocr_carea' id='block_1_4' title="bbox 121 1167 1371 4556">
    <p class='ocr_par' dir='ltr' id='par_1_5' title="bbox 121 1167 1287 1689">
     <span class='ocr_line' id='line_1_8' title="bbox 121 1167 1286 1264; baseline -0.003 -19"><span class='ocrx_word' id='word_1_50' title='bbox 121 1182 242 1264; x_wconf 91' lang='lat' dir='ltr'><strong>geniam</strong></span> <span class='ocrx_word' id='word_1_51' title='bbox 264 1180 516 1263; x_wconf 82' lang='lat' dir='ltr'><strong>significationem</strong></span> <span class='ocrx_word' id='word_1_52' title='bbox 539 1198 642 1244; x_wconf 86' lang='lat' dir='ltr'><strong>eruere</strong></span> <span class='ocrx_word' id='word_1_53' title='bbox 672 1167 832 1261; x_wconf 81' lang='lat' dir='ltr'><strong>possimus,</strong></span> <span class='ocrx_word' id='word_1_54' title='bbox 869 1197 963 1259; x_wconf 91' lang='lat' dir='ltr'><strong>eaque</strong></span> <span class='ocrx_word' id='word_1_55' title='bbox 997 1177 1072 1241; x_wconf 91' lang='lat' dir='ltr'><strong>mihi</strong></span> <span class='ocrx_word' id='word_1_56' title='bbox 1105 1178 1286 1261; x_wconf 88' lang='lat' dir='ltr'><strong>primigenia</strong></span> 
     </span>
     <span class='ocr_line' id='line_1_9' title="bbox 121 1284 1287 1369; baseline -0.003 -18"><span class='ocrx_word' id='word_1_57' title='bbox 121 1307 185 1352; x_wconf 88' lang='lat' dir='ltr'><strong>esso</strong></span> <span class='ocrx_word' id='word_1_58' title='bbox 207 1287 328 1351; x_wconf 88' lang='lat' dir='ltr'><strong>videtur</strong></span> <span class='ocrx_word' id='word_1_59' title='bbox 351 1304 428 1369; x_wconf 92' lang='lat' dir='ltr'><strong>quae</strong></span> <span class='ocrx_word' id='word_1_60' title='bbox 444 1286 549 1350; x_wconf 91' lang='lat' dir='ltr'><strong>eadem</strong></span> <span class='ocrx_word' id='word_1_61' title='bbox 570 1286 779 1350; x_wconf 88' lang='lat' dir='ltr'><strong>vetustissima</strong></span> <span class='ocrx_word' id='word_1_62' title='bbox 802 1285 857 1363; x_wconf 85' lang='lat' dir='ltr'><strong>est,</strong></span> <span class='ocrx_word' id='word_1_63' title='bbox 882 1303 975 1366; x_wconf 90' lang='lat' dir='ltr'><strong>eaque</strong></span> <span class='ocrx_word' id='word_1_64' title='bbox 999 1284 1057 1348; x_wconf 91' lang='lat' dir='ltr'><strong>erit</strong></span> <span class='ocrx_word' id='word_1_65' title='bbox 1078 1285 1287 1349; x_wconf 89' lang='lat' dir='ltr'><strong>vetustissima</strong></span> 
     </span>
     <span class='ocr_line' id='line_1_10' title="bbox 122 1391 1287 1474; baseline -0.003 -17"><span class='ocrx_word' id='word_1_66' title='bbox 122 1412 199 1474; x_wconf 92' lang='lat' dir='ltr'><strong>quae</strong></span> <span class='ocrx_word' id='word_1_67' title='bbox 221 1394 253 1457; x_wconf 89' lang='lat' dir='ltr'><strong>in</strong></span> <span class='ocrx_word' id='word_1_68' title='bbox 276 1413 319 1472; x_wconf 77' lang='lat' dir='ltr'><strong>eo,</strong></span> <span class='ocrx_word' id='word_1_69' title='bbox 345 1392 426 1474; x_wconf 91' lang='lat' dir='ltr'><strong>quod</strong></span> <span class='ocrx_word' id='word_1_70' title='bbox 448 1392 691 1458; x_wconf 87' lang='lat' dir='ltr'><strong>vetustissimum</strong></span> <span class='ocrx_word' id='word_1_71' title='bbox 715 1391 960 1456; x_wconf 75' lang='lat' dir='ltr'><strong>enuntiationum</strong></span> <span class='ocrx_word' id='word_1_72' title='bbox 976 1391 1164 1473; x_wconf 90' lang='lat' dir='ltr'><strong>appellamus</strong></span> <span class='ocrx_word' id='word_1_73' title='bbox 1181 1409 1287 1474; x_wconf 87' lang='lat' dir='ltr'><strong>genere</strong></span> 
     </span>
     <span class='ocr_line' id='line_1_11' title="bbox 121 1496 1287 1583; baseline -0.002 -20"><span class='ocrx_word' id='word_1_74' title='bbox 121 1500 207 1564; x_wconf 93' lang='lat' dir='ltr'><strong>nobis</strong></span> <span class='ocrx_word' id='word_1_75' title='bbox 224 1500 342 1564; x_wconf 85' lang='lat' dir='ltr'><strong>exstitit</strong></span> <span class='ocrx_word' id='word_1_76' title='bbox 357 1499 548 1583; x_wconf 83' lang='lat' dir='ltr'><strong>significatio,</strong></span> <span class='ocrx_word' id='word_1_77' title='bbox 572 1499 815 1564; x_wconf 87' lang='lat' dir='ltr'><strong>vetustissimum</strong></span> <span class='ocrx_word' id='word_1_78' title='bbox 831 1499 934 1562; x_wconf 88' lang='lat' dir='ltr'><strong>autem</strong></span> <span class='ocrx_word' id='word_1_79' title='bbox 950 1496 1178 1562; x_wconf 88' lang='lat' dir='ltr'><strong>enuntiatorum</strong></span> <span class='ocrx_word' id='word_1_80' title='bbox 1192 1516 1287 1580; x_wconf 93' lang='lat' dir='ltr'><strong>genus</strong></span> 
     </span>
     <span class='ocr_line' id='line_1_12' title="bbox 122 1605 798 1689; baseline -0.001 -19"><span class='ocrx_word' id='word_1_81' title='bbox 122 1607 169 1670; x_wconf 89' lang='lat' dir='ltr'><strong>est</strong></span> <span class='ocrx_word' id='word_1_82' title='bbox 192 1624 288 1689; x_wconf 90' lang='lat' dir='ltr'><strong>genus</strong></span> <span class='ocrx_word' id='word_1_83' title='bbox 312 1605 554 1670; x_wconf 82' lang='lat' dir='ltr'><strong>enuntiationum</strong></span> <span class='ocrx_word' id='word_1_84' title='bbox 576 1605 798 1688; x_wconf 79' lang='lat' dir='ltr'><strong>principalium.</strong></span> 
     </span>
    </p>

    <p class='ocr_par' dir='ltr' id='par_1_6' title="bbox 121 1704 1289 1989">
     <span class='ocr_line' id='line_1_13' title="bbox 209 1704 1288 1795; baseline -0.001 -20"><span class='ocrx_word' id='word_1_85' title='bbox 209 1712 372 1795; x_wconf 88' lang='lat' dir='ltr'><strong>Digrediar</strong></span> <span class='ocrx_word' id='word_1_86' title='bbox 394 1704 477 1776; x_wconf 80' lang='lat' dir='ltr'><strong>nuno</strong></span> <span class='ocrx_word' id='word_1_87' title='bbox 496 1711 679 1795; x_wconf 82' lang='lat' dir='ltr'><strong>paullulum,</strong></span> <span class='ocrx_word' id='word_1_88' title='bbox 714 1713 751 1776; x_wconf 93' lang='lat' dir='ltr'><strong>nt</strong></span> <span class='ocrx_word' id='word_1_89' title='bbox 774 1711 942 1788; x_wconf 79' lang='lat' dir='ltr'><strong>ostendam,</strong></span> <span class='ocrx_word' id='word_1_90' title='bbox 978 1729 1127 1792; x_wconf 86' lang='lat' dir='ltr'><strong>quaenam</strong></span> <span class='ocrx_word' id='word_1_91' title='bbox 1150 1709 1288 1774; x_wconf 88' lang='lat' dir='ltr'><strong>enuntia-</strong></span> 
     </span>
     <span class='ocr_line' id='line_1_14' title="bbox 122 1815 1289 1890; baseline -0.002 -8"><span class='ocrx_word' id='word_1_92' title='bbox 122 1819 240 1890; x_wconf 85' lang='lat' dir='ltr'><strong>tionum</strong></span> <span class='ocrx_word' id='word_1_93' title='bbox 279 1818 453 1883; x_wconf 84' lang='lat' dir='ltr'><strong>distributio</strong></span> <span class='ocrx_word' id='word_1_94' title='bbox 490 1817 523 1881; x_wconf 93' lang='lat' dir='ltr'><strong>in</strong></span> <span class='ocrx_word' id='word_1_95' title='bbox 560 1819 617 1882; x_wconf 91' lang='lat' dir='ltr'><strong>hao</strong></span> <span class='ocrx_word' id='word_1_96' title='bbox 655 1817 865 1884; x_wconf 85' lang='lat' dir='ltr'><strong>dissertatione</strong></span> <span class='ocrx_word' id='word_1_97' title='bbox 903 1816 1073 1882; x_wconf 86' lang='lat' dir='ltr'><strong>adhibenda</strong></span> <span class='ocrx_word' id='word_1_98' title='bbox 1111 1835 1175 1881; x_wconf 92' lang='lat' dir='ltr'><strong>esse</strong></span> <span class='ocrx_word' id='word_1_99' title='bbox 1212 1815 1289 1880; x_wconf 91' lang='lat' dir='ltr'><strong>mihi</strong></span> 
     </span>
     <span class='ocr_line' id='line_1_15' title="bbox 121 1924 259 1989; baseline -0.007 0"><span class='ocrx_word' id='word_1_100' title='bbox 121 1925 186 1989; x_wconf 89' lang='lat' dir='ltr'><strong>visa</strong></span> <span class='ocrx_word' id='word_1_101' title='bbox 209 1924 259 1988; x_wconf 89' lang='lat' dir='ltr'><strong>sit.</strong></span> 
     </span>
    </p>

    <p class='ocr_par' dir='ltr' id='par_1_7' title="bbox 125 2011 1289 2326">
     <span class='ocr_line' id='line_1_16' title="bbox 211 2011 1289 2114; baseline -0.002 -20"><span class='ocrx_word' id='word_1_102' title='bbox 211 2029 344 2108; x_wconf 79' lang='lat' dir='ltr'><strong>Curtius,</strong></span> <span class='ocrx_word' id='word_1_103' title='bbox 380 2030 621 2114; x_wconf 74' lang='lat' dir='ltr'><strong>Eriboterungen</strong></span> <span class='ocrx_word' id='word_1_104' title='bbox 652 2031 709 2095; x_wconf 89' lang='lat' dir='ltr'><strong>eto.</strong></span> <span class='ocrx_word' id='word_1_105' title='bbox 740 2050 769 2113; x_wconf 90' lang='lat' dir='ltr'><strong>p.</strong></span> <span class='ocrx_word' id='word_1_106' title='bbox 797 2032 859 2096; x_wconf 80' lang='lat'><strong>195</strong></span> <span class='ocrx_word' id='word_1_107' title='bbox 891 2030 936 2094; x_wconf 86' lang='lat' dir='ltr'><strong>ita</strong></span> <span class='ocrx_word' id='word_1_108' title='bbox 965 2011 1121 2095; x_wconf 84' lang='lat' dir='ltr'><strong>enuntiata</strong></span> <span class='ocrx_word' id='word_1_109' title='bbox 1155 2029 1289 2111; x_wconf 83' lang='lat' dir='ltr'><strong>partitur</strong></span> 
     </span>
     <span class='ocr_line' id='line_1_17' title="bbox 125 2135 1289 2221; baseline -0.002 -20"><span class='ocrx_word' id='word_1_110' title='bbox 125 2138 266 2221; x_wconf 89' lang='lat' dir='ltr'><strong>(eumque</strong></span> <span class='ocrx_word' id='word_1_111' title='bbox 279 2137 498 2201; x_wconf 87' lang='lat' dir='ltr'><strong>Delbrueokius</strong></span> <span class='ocrx_word' id='word_1_112' title='bbox 512 2137 544 2199; x_wconf 89' lang='lat' dir='ltr'><strong>in</strong></span> <span class='ocrx_word' id='word_1_113' title='bbox 563 2136 640 2201; x_wconf 91' lang='lat' dir='ltr'><strong>libro</strong></span> <span class='ocrx_word' id='word_1_114' title='bbox 660 2137 714 2200; x_wconf 82' lang='lat' dir='ltr'><strong>illo</strong></span> <span class='ocrx_word' id='word_1_115' title='bbox 733 2137 854 2220; x_wconf 84' lang='lat' dir='ltr'><strong>egregio</strong></span> <span class='ocrx_word' id='word_1_116' title='bbox 871 2136 1103 2220; x_wconf 83' lang='lat' dir='ltr'><strong>„Synta&#39;otisohe</strong></span> <span class='ocrx_word' id='word_1_117' title='bbox 1118 2135 1289 2200; x_wconf 82' lang='lat' dir='ltr'><strong>Forsohun-</strong></span> 
     </span>
     <span class='ocr_line' id='line_1_18' title="bbox 125 2240 1288 2326; baseline 0 -21"><span class='ocrx_word' id='word_1_118' title='bbox 125 2260 192 2324; x_wconf 86' lang='lat' dir='ltr'><strong>gen.</strong></span> <span class='ocrx_word' id='word_1_119' title='bbox 227 2243 252 2307; x_wconf 91' lang='lat' dir='ltr'><strong>I.</strong></span> <span class='ocrx_word' id='word_1_120' title='bbox 291 2240 489 2326; x_wconf 80' lang='lat' dir='ltr'><strong>„Conjunotiv</strong></span> <span class='ocrx_word' id='word_1_121' title='bbox 511 2242 556 2305; x_wconf 90' lang='lat' dir='ltr'><strong>im</strong></span> <span class='ocrx_word' id='word_1_122' title='bbox 571 2241 786 2308; x_wconf 82' lang='lat' dir='ltr'><strong>Grieohisohen</strong></span> <span class='ocrx_word' id='word_1_123' title='bbox 809 2242 872 2306; x_wconf 92' lang='lat' dir='ltr'><strong>und</strong></span> <span class='ocrx_word' id='word_1_124' title='bbox 895 2242 1049 2309; x_wconf 83' lang='lat' dir='ltr'><strong>Sansorit“</strong></span> <span class='ocrx_word' id='word_1_125' title='bbox 1074 2243 1196 2307; x_wconf 89' lang='lat' dir='ltr'><strong>seoutus</strong></span> <span class='ocrx_word' id='word_1_126' title='bbox 1218 2241 1288 2325; x_wconf 86' lang='lat' dir='ltr'><strong>est).</strong></span> 
     </span>
    </p>

    <p class='ocr_par' dir='ltr' id='par_1_8' title="bbox 336 2347 632 2432">
     <span class='ocr_line' id='line_1_19' title="bbox 336 2347 632 2432; baseline 0 -20"><span class='ocrx_word' id='word_1_127' title='bbox 336 2347 378 2431; x_wconf 85' lang='grc' dir='ltr'><strong>Α)</strong></span> <span class='ocrx_word' id='word_1_128' title='bbox 402 2347 632 2432; x_wconf 75' lang='lat' dir='ltr'><strong>Aussagesttze.</strong></span> 
     </span>
    </p>

    <p class='ocr_par' dir='ltr' id='par_1_9' title="bbox 406 2453 659 2537">
     <span class='ocr_line' id='line_1_20' title="bbox 406 2453 659 2537; baseline 0.004 -19"><span class='ocrx_word' id='word_1_129' title='bbox 406 2453 438 2537; x_wconf 90' lang='lat' dir='ltr'><strong>l)</strong></span> <span class='ocrx_word' id='word_1_130' title='bbox 461 2455 659 2537; x_wconf 75' lang='lat' dir='ltr'><strong>Hauptsatze.</strong></span> 
     </span>
    </p>

    <p class='ocr_par' dir='ltr' id='par_1_10' title="bbox 405 2560 873 2644">
     <span class='ocr_line' id='line_1_21' title="bbox 405 2560 873 2644; baseline -0.002 -19"><span class='ocrx_word' id='word_1_131' title='bbox 405 2561 438 2644; x_wconf 75' lang='grc'><strong>2)</strong></span> <span class='ocrx_word' id='word_1_132' title='bbox 461 2560 652 2626; x_wconf 88' lang='lat' dir='ltr'><strong>relativisohe</strong></span> <span class='ocrx_word' id='word_1_133' title='bbox 676 2561 873 2626; x_wconf 80' lang='lat' dir='ltr'><strong>Nebensatze.</strong></span> 
     </span>
    </p>

    <p class='ocr_par' dir='ltr' id='par_1_11' title="bbox 337 2666 998 2856">
     <span class='ocr_line' id='line_1_22' title="bbox 405 2666 998 2752; baseline -0.002 -20"><span class='ocrx_word' id='word_1_134' title='bbox 405 2666 438 2749; x_wconf 89' lang='lat'><strong>3)</strong></span> <span class='ocrx_word' id='word_1_135' title='bbox 462 2666 651 2732; x_wconf 79' lang='lat' dir='ltr'><strong>Nebensatze</strong></span> <span class='ocrx_word' id='word_1_136' title='bbox 673 2667 733 2732; x_wconf 90' lang='lat' dir='ltr'><strong>mit</strong></span> <span class='ocrx_word' id='word_1_137' title='bbox 755 2666 998 2752; x_wconf 81' lang='lat' dir='ltr'><strong>Oonjunotionen.</strong></span> 
     </span>
     <span class='ocr_line' id='line_1_23' title="bbox 337 2772 592 2856; baseline -0.004 -18"><span class='ocrx_word' id='word_1_138' title='bbox 337 2772 378 2856; x_wconf 90' lang='grc' dir='ltr'><strong>Β)</strong></span> <span class='ocrx_word' id='word_1_139' title='bbox 401 2774 592 2856; x_wconf 78' lang='lat' dir='ltr'><strong>Fragesatze.</strong></span> 
     </span>
    </p>

    <p class='ocr_par' dir='ltr' id='par_1_12' title="bbox 126 2878 1371 3598">
     <span class='ocr_line' id='line_1_24' title="bbox 214 2878 1371 2963; baseline 0.003 -20"><span class='ocrx_word' id='word_1_140' title='bbox 214 2880 250 2943; x_wconf 93' lang='lat' dir='ltr'><strong>In</strong></span> <span class='ocrx_word' id='word_1_141' title='bbox 274 2897 309 2944; x_wconf 90' lang='lat' dir='ltr'><strong>ea</strong></span> <span class='ocrx_word' id='word_1_142' title='bbox 331 2878 494 2961; x_wconf 85' lang='lat' dir='ltr'><strong>partitione</strong></span> <span class='ocrx_word' id='word_1_143' title='bbox 526 2879 584 2944; x_wconf 90' lang='lat' dir='ltr'><strong>hoo</strong></span> <span class='ocrx_word' id='word_1_144' title='bbox 613 2879 713 2944; x_wconf 89' lang='lat' dir='ltr'><strong>minus</strong></span> <span class='ocrx_word' id='word_1_145' title='bbox 737 2880 854 2963; x_wconf 83' lang='lat' dir='ltr'><strong>piacet,</strong></span> <span class='ocrx_word' id='word_1_146' title='bbox 879 2879 960 2963; x_wconf 92' lang='lat' dir='ltr'><strong>quod</strong></span> <span class='ocrx_word' id='word_1_147' title='bbox 983 2880 1140 2945; x_wconf 91' lang='lat' dir='ltr'><strong>enuntiata</strong></span> <span class='ocrx_word' id='word_1_148' title='bbox 1162 2881 1291 2946; x_wconf 90' lang='lat' dir='ltr'><strong>interro·</strong></span> <span class='ocrx_word' id='word_1_149' title='bbox 1369 2919 1371 2923; x_wconf 33' lang='grc' dir='ltr'><em>ν</em></span> 
     </span>
     <span class='ocr_line' id='line_1_25' title="bbox 126 2985 1292 3070; baseline 0.003 -21"><span class='ocrx_word' id='word_1_150' title='bbox 126 2985 229 3068; x_wconf 86' lang='lat' dir='ltr'><strong>gativa</strong></span> <span class='ocrx_word' id='word_1_151' title='bbox 267 3004 285 3049; x_wconf 91' lang='lat' dir='ltr'><strong>a</strong></span> <span class='ocrx_word' id='word_1_152' title='bbox 328 2985 435 3050; x_wconf 86' lang='lat' dir='ltr'><strong>ceteris</strong></span> <span class='ocrx_word' id='word_1_153' title='bbox 479 2985 735 3050; x_wconf 88' lang='lat' dir='ltr'><strong>enuntiationibus</strong></span> <span class='ocrx_word' id='word_1_154' title='bbox 781 2988 990 3070; x_wconf 84' lang='lat' dir='ltr'><strong>segregantur.</strong></span> <span class='ocrx_word' id='word_1_155' title='bbox 1053 2988 1159 3068; x_wconf 91' lang='lat' dir='ltr'><strong>Neque</strong></span> <span class='ocrx_word' id='word_1_156' title='bbox 1198 3006 1292 3052; x_wconf 89' lang='lat' dir='ltr'><strong>enun-</strong></span> 
     </span>
     <span class='ocr_line' id='line_1_26' title="bbox 126 3091 1293 3176; baseline 0.003 -21"><span class='ocrx_word' id='word_1_157' title='bbox 126 3092 203 3156; x_wconf 88' lang='lat' dir='ltr'><strong>tiata</strong></span> <span class='ocrx_word' id='word_1_158' title='bbox 237 3092 455 3176; x_wconf 88' lang='lat' dir='ltr'><strong>interrogativa</strong></span> <span class='ocrx_word' id='word_1_159' title='bbox 489 3091 637 3173; x_wconf 89' lang='lat' dir='ltr'><strong>posterius</strong></span> <span class='ocrx_word' id='word_1_160' title='bbox 672 3112 764 3174; x_wconf 91' lang='lat' dir='ltr'><strong>quam</strong></span> <span class='ocrx_word' id='word_1_161' title='bbox 798 3112 900 3157; x_wconf 89' lang='lat' dir='ltr'><strong>omnes</strong></span> <span class='ocrx_word' id='word_1_162' title='bbox 939 3094 1054 3157; x_wconf 86' lang='lat' dir='ltr'><strong>oeterae</strong></span> <span class='ocrx_word' id='word_1_163' title='bbox 1088 3093 1293 3175; x_wconf 85' lang='lat' dir='ltr'><strong>profluxerunt</strong></span> 
     </span>
     <span class='ocr_line' id='line_1_27' title="bbox 127 3198 1295 3290; baseline 0.002 -28"><span class='ocrx_word' id='word_1_164' title='bbox 127 3199 347 3262; x_wconf 91' lang='lat' dir='ltr'><strong>enuntiationes</strong></span> <span class='ocrx_word' id='word_1_165' title='bbox 380 3217 477 3279; x_wconf 92' lang='lat' dir='ltr'><strong>neque</strong></span> <span class='ocrx_word' id='word_1_166' title='bbox 512 3199 684 3290; x_wconf 86' lang='lat' dir='ltr'><strong>temporum</strong></span> <span class='ocrx_word' id='word_1_167' title='bbox 717 3198 936 3281; x_wconf 92' lang='lat' dir='ltr'><strong>modorumque</strong></span> <span class='ocrx_word' id='word_1_168' title='bbox 963 3200 995 3262; x_wconf 91' lang='lat' dir='ltr'><strong>in</strong></span> <span class='ocrx_word' id='word_1_169' title='bbox 1024 3198 1061 3263; x_wconf 88' lang='lat' dir='ltr'><strong>iis</strong></span> <span class='ocrx_word' id='word_1_170' title='bbox 1084 3218 1174 3263; x_wconf 91' lang='lat' dir='ltr'><strong>usum</strong></span> <span class='ocrx_word' id='word_1_171' title='bbox 1197 3200 1295 3264; x_wconf 88' lang='lat' dir='ltr'><strong>alium</strong></span> 
     </span>
     <span class='ocr_line' id='line_1_28' title="bbox 127 3303 1293 3390; baseline 0.002 -22"><span class='ocrx_word' id='word_1_172' title='bbox 127 3323 192 3368; x_wconf 91' lang='lat' dir='ltr'><strong>esse</strong></span> <span class='ocrx_word' id='word_1_173' title='bbox 215 3306 307 3386; x_wconf 88' lang='lat' dir='ltr'><strong>atque</strong></span> <span class='ocrx_word' id='word_1_174' title='bbox 329 3305 361 3369; x_wconf 93' lang='lat' dir='ltr'><strong>in</strong></span> <span class='ocrx_word' id='word_1_175' title='bbox 384 3303 659 3381; x_wconf 82' lang='lat' dir='ltr'><strong>enuntiationibus,</strong></span> <span class='ocrx_word' id='word_1_176' title='bbox 692 3323 766 3385; x_wconf 91' lang='lat' dir='ltr'><strong>quas</strong></span> <span class='ocrx_word' id='word_1_177' title='bbox 798 3305 978 3387; x_wconf 82' lang='lat' dir='ltr'><strong>principales</strong></span> <span class='ocrx_word' id='word_1_178' title='bbox 1002 3305 1064 3387; x_wconf 89' lang='lat' dir='ltr'><strong>(vel</strong></span> <span class='ocrx_word' id='word_1_179' title='bbox 1088 3305 1293 3390; x_wconf 80' lang='lat' dir='ltr'><strong>secundariae)</strong></span> 
     </span>
     <span class='ocr_line' id='line_1_29' title="bbox 128 3409 1295 3494; baseline 0.002 -20"><span class='ocrx_word' id='word_1_180' title='bbox 128 3409 266 3488; x_wconf 76' lang='lat' dir='ltr'><strong>dicimus,</strong></span> <span class='ocrx_word' id='word_1_181' title='bbox 289 3411 490 3494; x_wconf 79' lang='lat' dir='ltr'><strong>intellegitur,</strong></span> <span class='ocrx_word' id='word_1_182' title='bbox 516 3429 608 3491; x_wconf 91' lang='lat' dir='ltr'><strong>quam</strong></span> <span class='ocrx_word' id='word_1_183' title='bbox 632 3410 670 3473; x_wconf 92' lang='lat' dir='ltr'><strong>ob</strong></span> <span class='ocrx_word' id='word_1_184' title='bbox 693 3429 758 3473; x_wconf 95' lang='lat' dir='ltr'><strong>rem</strong></span> <span class='ocrx_word' id='word_1_185' title='bbox 781 3410 853 3491; x_wconf 92' lang='lat' dir='ltr'><strong>quin</strong></span> <span class='ocrx_word' id='word_1_186' title='bbox 875 3411 954 3474; x_wconf 88' lang='lat' dir='ltr'><strong>inter</strong></span> <span class='ocrx_word' id='word_1_187' title='bbox 969 3411 1189 3476; x_wconf 85' lang='lat' dir='ltr'><strong>enuntiationes</strong></span> <span class='ocrx_word' id='word_1_188' title='bbox 1210 3412 1295 3494; x_wconf 90' lang='lat' dir='ltr'><strong>prin-</strong></span> 
     </span>
     <span class='ocr_line' id='line_1_30' title="bbox 128 3515 1214 3598; baseline 0.003 -19"><span class='ocrx_word' id='word_1_189' title='bbox 128 3515 241 3598; x_wconf 90' lang='lat' dir='ltr'><strong>oipales</strong></span> <span class='ocrx_word' id='word_1_190' title='bbox 263 3518 312 3581; x_wconf 91' lang='lat' dir='ltr'><strong>vel</strong></span> <span class='ocrx_word' id='word_1_191' title='bbox 334 3515 527 3581; x_wconf 78' lang='lat' dir='ltr'><strong>secundariae</strong></span> <span class='ocrx_word' id='word_1_192' title='bbox 549 3515 703 3598; x_wconf 87' lang='lat' dir='ltr'><strong>ponendae</strong></span> <span class='ocrx_word' id='word_1_193' title='bbox 726 3515 788 3581; x_wconf 91' lang='lat' dir='ltr'><strong>sint</strong></span> <span class='ocrx_word' id='word_1_194' title='bbox 810 3534 869 3580; x_wconf 94' lang='lat' dir='ltr'><strong>non</strong></span> <span class='ocrx_word' id='word_1_195' title='bbox 893 3517 940 3581; x_wconf 87' lang='lat' dir='ltr'><strong>est</strong></span> <span class='ocrx_word' id='word_1_196' title='bbox 962 3516 1214 3582; x_wconf 90' lang='lat' dir='ltr'><strong>addubitandum.</strong></span> 
     </span>
    </p>

    <p class='ocr_par' dir='ltr' id='par_1_13' title="bbox 216 3621 773 3703">
     <span class='ocr_line' id='line_1_31' title="bbox 216 3621 773 3703; baseline -0.002 -17"><span class='ocrx_word' id='word_1_197' title='bbox 216 3622 367 3703; x_wconf 81' lang='lat' dir='ltr'><strong>Equidem</strong></span> <span class='ocrx_word' id='word_1_198' title='bbox 390 3621 539 3686; x_wconf 84' lang='lat' dir='ltr'><strong>distribuo</strong></span> <span class='ocrx_word' id='word_1_199' title='bbox 563 3621 719 3686; x_wconf 87' lang='lat' dir='ltr'><strong>enuntiata</strong></span> <span class='ocrx_word' id='word_1_200' title='bbox 741 3623 773 3685; x_wconf 91' lang='lat' dir='ltr'><strong>in</strong></span> 
     </span>
    </p>

    <p class='ocr_par' dir='ltr' id='par_1_14' title="bbox 219 3726 1298 4556">
     <span class='ocr_line' id='line_1_32' title="bbox 264 3726 1292 3814; baseline 0.002 -22"><span class='ocrx_word' id='word_1_201' title='bbox 264 3728 296 3812; x_wconf 84' lang='lat'><strong>1)</strong></span> <span class='ocrx_word' id='word_1_202' title='bbox 320 3728 477 3792; x_wconf 88' lang='lat' dir='ltr'><strong>enuntiata</strong></span> <span class='ocrx_word' id='word_1_203' title='bbox 492 3726 678 3810; x_wconf 84' lang='lat' dir='ltr'><strong>principalia,</strong></span> <span class='ocrx_word' id='word_1_204' title='bbox 699 3727 805 3810; x_wconf 92' lang='lat' dir='ltr'><strong>hisque</strong></span> <span class='ocrx_word' id='word_1_205' title='bbox 821 3727 1042 3794; x_wconf 89' lang='lat' dir='ltr'><strong>enuntiationes</strong></span> <span class='ocrx_word' id='word_1_206' title='bbox 1057 3728 1292 3814; x_wconf 78' lang='lat' dir='ltr'><strong>interrogativas</strong></span> 
     </span>
     <span class='ocr_line' id='line_1_33' title="bbox 321 3833 758 3911; baseline -0.002 -13"><span class='ocrx_word' id='word_1_207' title='bbox 321 3833 451 3898; x_wconf 78' lang='lat' dir='ltr'><strong>directas</strong></span> <span class='ocrx_word' id='word_1_208' title='bbox 474 3833 648 3911; x_wconf 80' lang='lat' dir='ltr'><strong>adnumero,</strong></span> <span class='ocrx_word' id='word_1_209' title='bbox 673 3834 704 3897; x_wconf 91' lang='lat' dir='ltr'><strong>et</strong></span> <span class='ocrx_word' id='word_1_210' title='bbox 725 3833 758 3897; x_wconf 91' lang='lat' dir='ltr'><strong>in</strong></span> 
     </span>
     <span class='ocr_line' id='line_1_34' title="bbox 263 3937 858 4023; baseline 0 -19"><span class='ocrx_word' id='word_1_211' title='bbox 263 3940 296 4023; x_wconf 78' lang='lat'><strong>2)</strong></span> <span class='ocrx_word' id='word_1_212' title='bbox 320 3940 478 4006; x_wconf 88' lang='lat' dir='ltr'><strong>enuntiate</strong></span> <span class='ocrx_word' id='word_1_213' title='bbox 500 3937 686 4017; x_wconf 80' lang='lat' dir='ltr'><strong>secundaria,</strong></span> <span class='ocrx_word' id='word_1_214' title='bbox 710 3958 803 4020; x_wconf 88' lang='lat' dir='ltr'><strong>eaque</strong></span> <span class='ocrx_word' id='word_1_215' title='bbox 826 3940 858 4004; x_wconf 91' lang='lat' dir='ltr'><strong>in</strong></span> 
     </span>
     <span class='ocr_line' id='line_1_35' title="bbox 342 4045 860 4130; baseline 0.004 -20"><span class='ocrx_word' id='word_1_216' title='bbox 342 4047 372 4130; x_wconf 90' lang='lat' dir='ltr'><strong>a)</strong></span> <span class='ocrx_word' id='word_1_217' title='bbox 389 4045 547 4111; x_wconf 86' lang='lat' dir='ltr'><strong>enuntiata</strong></span> <span class='ocrx_word' id='word_1_218' title='bbox 569 4064 653 4128; x_wconf 90' lang='lat' dir='ltr'><strong>pron.</strong></span> <span class='ocrx_word' id='word_1_219' title='bbox 677 4045 805 4111; x_wconf 89' lang='lat' dir='ltr'><strong>relativo</strong></span> <span class='ocrx_word' id='word_1_220' title='bbox 828 4048 860 4112; x_wconf 88' lang='lat' dir='ltr'><strong>et</strong></span> 
     </span>
     <span class='ocr_line' id='line_1_36' title="bbox 342 4151 1296 4237; baseline 0.003 -22"><span class='ocrx_word' id='word_1_221' title='bbox 342 4151 376 4235; x_wconf 91' lang='lat' dir='ltr'><strong>b)</strong></span> <span class='ocrx_word' id='word_1_222' title='bbox 393 4153 550 4217; x_wconf 89' lang='lat' dir='ltr'><strong>enuntiata</strong></span> <span class='ocrx_word' id='word_1_223' title='bbox 560 4151 819 4235; x_wconf 81' lang='lat' dir='ltr'><strong>conjunctionibus</strong></span> <span class='ocrx_word' id='word_1_224' title='bbox 830 4152 983 4231; x_wconf 81' lang='lat' dir='ltr'><strong>instituta,</strong></span> <span class='ocrx_word' id='word_1_225' title='bbox 991 4154 1022 4218; x_wconf 89' lang='lat' dir='ltr'><strong>et</strong></span> <span class='ocrx_word' id='word_1_226' title='bbox 1034 4152 1256 4237; x_wconf 82' lang='lat' dir='ltr'><strong>conjunctiones</strong></span> <span class='ocrx_word' id='word_1_227' title='bbox 1264 4155 1296 4218; x_wconf 93' lang='lat' dir='ltr'><strong>in</strong></span> 
     </span>
     <span class='ocr_line' id='line_1_37' title="bbox 434 4257 1219 4340; baseline 0.005 -19"><span class='ocrx_word' id='word_1_228' title='bbox 434 4265 467 4336; x_wconf 86' lang='grc' dir='ltr'><strong>α)</strong></span> <span class='ocrx_word' id='word_1_229' title='bbox 491 4276 541 4322; x_wconf 92' lang='lat' dir='ltr'><strong>eas</strong></span> <span class='ocrx_word' id='word_1_230' title='bbox 564 4276 583 4321; x_wconf 91' lang='lat' dir='ltr'><strong>a</strong></span> <span class='ocrx_word' id='word_1_231' title='bbox 605 4257 699 4339; x_wconf 86' lang='lat' dir='ltr'><strong>stirpe</strong></span> <span class='ocrx_word' id='word_1_232' title='bbox 722 4259 905 4340; x_wconf 90' lang='lat' dir='ltr'><strong>pronominis</strong></span> <span class='ocrx_word' id='word_1_233' title='bbox 928 4259 1049 4324; x_wconf 79' lang='lat' dir='ltr'><strong>relativi</strong></span> <span class='ocrx_word' id='word_1_234' title='bbox 1071 4261 1102 4325; x_wconf 91' lang='lat' dir='ltr'><strong>et</strong></span> <span class='ocrx_word' id='word_1_235' title='bbox 1125 4273 1175 4325; x_wconf 86' lang='lat' dir='ltr'><strong>eas</strong></span> <span class='ocrx_word' id='word_1_236' title='bbox 1217 4332 1219 4336; x_wconf 52' lang='grc'>,</span> 
     </span>
     <span class='ocr_line' id='line_1_38' title="bbox 430 4362 1073 4447; baseline 0.006 -21"><span class='ocrx_word' id='word_1_237' title='bbox 430 4364 467 4446; x_wconf 75' lang='grc' dir='ltr'><strong>β)</strong></span> <span class='ocrx_word' id='word_1_238' title='bbox 492 4364 530 4427; x_wconf 93' lang='lat' dir='ltr'><strong>ab</strong></span> <span class='ocrx_word' id='word_1_239' title='bbox 553 4363 616 4427; x_wconf 86' lang='lat' dir='ltr'><strong>alia</strong></span> <span class='ocrx_word' id='word_1_240' title='bbox 639 4362 770 4445; x_wconf 87' lang='lat' dir='ltr'><strong>quadam</strong></span> <span class='ocrx_word' id='word_1_241' title='bbox 795 4364 889 4447; x_wconf 89' lang='lat' dir='ltr'><strong>stirpe</strong></span> <span class='ocrx_word' id='word_1_242' title='bbox 913 4362 1073 4431; x_wconf 87' lang='lat' dir='ltr'><strong>derivatas.</strong></span> 
     </span>
     <span class='ocr_line' id='line_1_39' title="bbox 219 4468 1298 4556; baseline 0.004 -23"><span class='ocrx_word' id='word_1_243' title='bbox 219 4468 438 4535; x_wconf 86' lang='lat' dir='ltr'><strong>Delbrueokius</strong></span> <span class='ocrx_word' id='word_1_244' title='bbox 483 4470 637 4551; x_wconf 88' lang='lat' dir='ltr'><strong>praeterea</strong></span> <span class='ocrx_word' id='word_1_245' title='bbox 675 4470 832 4537; x_wconf 87' lang='lat' dir='ltr'><strong>enuntiata</strong></span> <span class='ocrx_word' id='word_1_246' title='bbox 866 4471 1043 4537; x_wconf 79' lang='lat' dir='ltr'><strong>secundaria</strong></span> <span class='ocrx_word' id='word_1_247' title='bbox 1077 4472 1227 4556; x_wconf 89' lang='lat' dir='ltr'><strong>disposuit</strong></span> <span class='ocrx_word' id='word_1_248' title='bbox 1265 4473 1298 4537; x_wconf 91' lang='lat' dir='ltr'><strong>in</strong></span> 
     </span>
    </p>
   </div>
   <div class='ocr_carea' id='block_1_5' title="bbox 1106 4594 1137 4648">
    <p class='ocr_par' dir='ltr' id='par_1_15' title="bbox 1106 4594 1137 4648">
     <span class='ocr_line' id='line_1_40' title="bbox 1106 4594 1137 4648; baseline 0 -19"><span class='ocrx_word' id='word_1_249' title='bbox 1106 4594 1137 4648; x_wconf 65' lang='lat'><strong>1*</strong></span> 
     </span>
    </p>
   </div>
   <div class='ocr_carea' id='block_1_6' title="bbox 0 0 1515 4988">
    <p class='ocr_par' dir='ltr' id='par_1_16' title="bbox 0 0 1515 4988">
     <span class='ocr_line' id='line_1_41' title="bbox 0 0 1515 4988; baseline 0 0"><span class='ocrx_word' id='word_1_250' title='bbox 0 0 1515 4988; x_wconf 95' lang='lat' dir='ltr'><strong> </strong></span> 
     </span>
    </p>
   </div>
  </div>
 </body>
</html>
