2992 4988
728 309 769 372 23

165 501 286 567 relativi
323 501 455 584 genuina
488 500 571 567 notio
606 502 767 567 abhorreat
800 521 819 567 a
851 502 972 569 notione
1009 503 1243 586 interrogativa,
1278 503 1332 568 has

166 626 284 690 quoque
298 607 521 672 enuntiationes
533 627 603 672 eum
620 608 880 691 conjunctionibus
903 629 922 673 a
944 609 1038 691 stirpe
1053 610 1174 674 relativi
1191 609 1332 675 derivatis

165 715 245 779 iuter
267 714 426 780 enuntiata
438 714 656 797 interrogativa
678 733 737 778 non
759 714 929 780 referendas
942 734 1006 780 esse
1028 735 1123 798 aeque
1145 716 1330 798 putabimus,

530 875 560 954 b)
592 871 763 938 Eouotr'oto
785 873 968 938 correlative.

253 997 325 1061 Huo
340 998 429 1062 erunt
444 997 615 1062 referendae
630 996 854 1062 enuntiationes
868 1015 938 1061 eum
953 998 1212 1082 conjunctionibus
1236 998 1331 1086 ὄφρα,

167 1105 228 1178 ὅτε,
252 1103 320 1177 ἕως,
344 1105 387 1177 εἷς
407 1104 435 1179 ὅ,
459 1100 537 1178 εὖτε,
561 1103 642 1189 ἦμος.

254 1211 320 1272 ὅτε
355 1209 484 1293 genuino
518 1208 710 1274 aecusativus
745 1228 812 1293 gen.
851 1211 950 1274 neutr.
989 1211 1174 1292 pronominis
1211 1213 1333 1277 relativi

165 1315 309 1399 adjuncta
332 1315 484 1397 particula
507 1339 547 1381 τε.

256 1421 289 1506 1)
312 1423 554 1504 temporale,
579 1441 683 1504 quum,
706 1440 803 1498 wann,
830 1441 899 1485 oum
924 1421 1113 1506 conjunctivo
1137 1423 1284 1506 objectivo
1301 1427 1333 1489 et

164 1548 235 1593 oum
258 1528 372 1606 futuro,
397 1528 449 1593 sed
472 1547 560 1592 raro:

166 1635 190 1697 Δ
216 1638 288 1711 164,
313 1633 430 1698 ἔσσεται
452 1633 533 1723 ἦμαρ
558 1634 600 1697 ὅτ’
624 1633 661 1697 ἄν
684 1633 745 1696 ποτ’
770 1633 878 1719 ὀλώλῃ.

164 1765 185 1804 σ
206 1744 281 1816 272,
305 1740 361 1811 νὺξ
380 1739 490 1804 δ’ἔσται
513 1740 563 1803 ὅτε
587 1740 625 1826 δὴ
648 1739 790 1825 στυγερὸς
810 1741 902 1824 γάμος
923 1740 1113 1827 ἀντιβολήσει.

253 1864 287 1949 2)
309 1863 846 1951 hypothetico·temporale:

296 1988 331 2073 α)
354 1990 397 2054 ut
420 1988 711 2065 concessivum,
747 1989 975 2071 rorausgesetzt
1005 1988 1090 2066 dass,
1115 2008 1333 2072 augenommen

357 2095 442 2173 dass,
466 2095 515 2159 fur
539 2095 597 2159 den
619 2094 688 2159 Fall
712 2094 790 2159 dass.

169 2200 284 2277 (0323,
309 2247 316 2272 ,
340 2247 755 2264 ..............
778 2198 850 2262 οὐδέ
870 2199 898 2262 τί
915 2224 964 2284 μιν
979 2203 1068 2288 χρεώ

296 2304 377 2369 ἔσται
396 2305 585 2394 τυμβοχοῆσ’,
603 2307 646 2369 ι’λτι
660 2330 710 2390 μιν
727 2304 878 2370 θάπτωσιν
902 2305 1014 2394 Ἀχαιοί.

292 2429 330 2514 β)
354 2429 741 2512 ‚,quotiesounque.“

162 2557 178 2617 λ
202 2557 277 2629 218,
301 2554 362 2616 ἀλλ’
387 2551 461 2640 αὕτη
485 2552 550 2640 δίκη
575 2553 635 2616 ἐστὶ
654 2554 785 2639 βροτῶν,
809 2552 860 2616 ὅτε
882 2553 924 2626 τίς
943 2576 976 2616 κε
992 2550 1126 2640 θάνῃσιν.

164 2661 189 2722 Α
211 2663 265 2734 80,
288 2658 432 2745 restauror
456 2659 516 2744 γὰρ
537 2658 679 2742 βασιλεύς
700 2660 750 2722 ὅτε
767 2661 902 2747 χώσεται
924 2658 1012 2744 ἀνδρὶ
1029 2659 1122 2747 χέρηι

162 2767 220 2831 hac
243 2766 362 2830 notione
396 2765 550 2861 ⁸imprimis
581 2764 697 2830 usitata
728 2767 774 2831 est
805 2766 974 2849 eonjunetio
1005 2766 1036 2830 in
1066 2767 1224 2831 sententiis
1255 2786 1332 2849 quae

163 2891 267 2937 omues
290 2872 321 2935 in
343 2873 446 2954 partes
469 2873 581 2936 valent.
607 2871 645 2936 of.
669 2872 823 2953 Exempla.

251 2979 296 3042 Ex
312 2978 569 3044 enuntiationibus
585 2979 803 3061 temporalibus
818 2979 1034 3043 emanaverunt
1049 2977 1112 3042 sino
1129 2978 1220 3043 dubio
1236 2999 1331 3044 enun-

163 3085 305 3150 tiationes
328 3085 558 3168 hypotheticam
582 3084 757 3168 hypothesis
779 3083 923 3167 temporis
940 3084 1075 3166 spatium
1090 3085 1257 3166 putabatur
1272 3104 1331 3167 qun

162 3192 284 3273 peraeto
307 3191 387 3256 aetio
411 3190 559 3273 quaedam
582 3190 765 3266 efficeretur3
789 3210 850 3272 qua
873 3190 909 3254 de
933 3209 1024 3255 eausa
1047 3191 1139 3254 etiam
1161 3190 1193 3253 in
1210 3210 1245 3255 ea
1261 3211 1331 3255 eon·

157 3297 314 3381 junotione
349 3298 400 3360 ὅτε
434 3315 510 3379 quae
544 3295 631 3363 initio
665 3295 818 3362 notionem
851 3296 1050 3378 temporalem
1084 3296 1215 3359 habebat
1249 3297 1331 3361 notio

164 3404 244 3468 inest
280 3403 477 3487 hypothetica
515 3422 642 3486 quoque.
688 3401 789 3487 Hujus
828 3401 1045 3485 conjunctionis
1083 3401 1198 3466 notioni
1236 3421 1331 3485 quum

163 3510 311 3592 congruat
345 3509 427 3573 notio
462 3508 679 3593 oonjunotionis
713 3505 804 3572 εὖτε
838 3507 946 3587 „lieet
975 3509 1012 3572 ut
1040 3508 1267 3573 concessivum‘
1300 3512 1332 3575 et

165 3615 454 3698 ,‚quotieseunque“‚
480 3615 554 3696 quin
576 3615 608 3679 in
623 3633 700 3692 eam,
725 3632 818 3697 quam
831 3614 1038 3680 Buttmanuus
1055 3613 1148 3677 Lexil.
1166 3614 1206 3678 II.
1221 3635 1249 3696 p.
1266 3618 1329 3681 202

163 3722 209 3787 ed.
226 3723 267 3786 II.
292 3723 323 3786 et
345 3721 498 3805 Hartung,
523 3720 743 3786 Partilrellehre
758 3720 781 3786 I.
796 3740 826 3802 p.
845 3721 908 3785 215
924 3720 1116 3802 protulerunt
1139 3720 1328 3797 sententiam,

163 3825 230 3891 εὖτε
253 3826 374 3892 dialeot‘
407 3829 531 3892 tautum
564 3827 662 3891 forma
697 3826 815 3891 differre
838 3846 856 3890 a
879 3825 1087 3910 eonjunetione
1119 3826 1179 3905 ὅτε,
1202 3825 1330 3908 pedibus

162 3934 260 3999 ineam
289 3933 354 3996 fieri
385 3951 443 3997 non
473 3933 584 4015 potest.
604 3932 625 4015 ¹)

252 4039 337 4114 ἕως,
369 4040 424 4112 εἰς
451 4040 476 4102 ὅ.
521 4038 708 4124 Primigenia
730 4038 827 4103 forma
848 4036 908 4103 luit
930 4040 973 4112 εἰς
993 4039 1014 4100 ὅ
1034 4037 1082 4103 vel
1111 4036 1191 4113 ἐςιλ,
1214 4039 1328 4103 metha-

254 4234 274 4299 1)
294 4231 477 4298 Capellnenn
498 4230 594 4285 Sched.
614 4230 673 4286 erit.
692 4246 719 4298 p.
740 4231 781 4294 12,
800 4230 869 4293 εὔιε,
888 4229 1006 4300 „gerarte
1024 4245 1056 4284 uu
1076 4229 1123 4285 der
1142 4230 1218 4284 'heir‘
1238 4233 1326 4283 ortum

74 4326 85 4352 ι
163 4320 194 4357 ex
212 4303 243 4356 εὖ
261 4305 289 4356 et
308 4322 343 4355 τε.
364 4335 397 4343 -
417 4301 534 4365 Curtius
555 4297 670 4355 Grundu.
691 4301 715 4355 d.
735 4301 823 4371 Etym.
843 4301 894 4355 Ill.
914 4318 939 4369 p.
961 4301 1020 4354 557.
1057 4300 1118 4355 εὖτε
1137 4305 1225 4354 ortum
1245 4304 1325 4369 putat

163 4391 194 4428 ex
218 4373 284 4442 jota,
313 4374 398 4441 stirpe
434 4388 509 4441 pron.
538 4372 585 4426 rel.
611 4372 641 4441 ja
669 4388 729 4426 oum
757 4372 851 4426 suffixo
880 4391 915 4435 τε,
942 4372 953 4440 ]”
982 4373 1145 4426 commutato
1175 4388 1234 4426 eum
1263 4391 1276 4424 ε
1301 4375 1329 4425 et

162 4445 358 4507 eo.oontraotis
376 4444 405 4498 iu
423 4463 461 4497 ειι.
