2992 4988
724 339 761 400 61

162 528 191 582 Χ
209 530 258 583 175
260 569 826 595 ......................
843 529 1004 600 μητιάασθε,
1065 517 1067 522 ’

322 619 354 687 ὴέ
369 637 411 682 μιν
429 620 458 670 ἐκ
477 618 596 671 θανάτου
616 618 755 682 σαώσομεν
772 618 804 690 ὴὲ
823 658 828 671 .
849 657 855 670 .
876 617 1052 682 δαμάσσομεν.

322 705 355 759 cf.
376 703 478 759 11437.

372 886 541 951 secunda
559 909 742 973 persona.

166 1044 189 1098 Υ
203 1046 251 1098 311
257 1085 690 1110 .................
709 1044 790 1104 αὐτὸς
807 1045 839 1096 σὺ
859 1044 952 1115 νόησον

322 1133 430 1197 Αἰνείαν,
450 1133 466 1203 5
485 1153 527 1186 κεν
543 1154 585 1199 μιν
603 1133 728 1202 ἐρύσσεαι
746 1132 762 1203 5
782 1152 824 1185 ιιεν
842 1135 934 1193 ἐάσεις.

375 1314 493 1376 tertia
510 1334 690 1398 persona.

163 1473 180 1506 α
199 1454 260 1519 268,
279 1452 338 1506 ἀλλ’
357 1452 373 1523 5
393 1469 432 1506 τοι
447 1453 495 1517 μὲν
514 1456 597 1506 ταῦτα
615 1454 686 1505 θεῶν
704 1455 731 1504 ἐν
750 1452 858 1522 γούνασι
877 1452 957 1506 κε’ἴται

321 1540 338 1611 5
357 1561 399 1594 κεν
418 1542 550 1612 νοστήσας
567 1540 719 1594 ἀποτίσεται
737 1541 768 1612 ἦε
787 1542 829 1594 καὶ
847 1542 907 1594 οόκί

57 1675 60 1681 .
163 1649 181 1683 π
197 1631 258 1695 261,
278 1628 320 1682 καί
338 1629 440 1699 φράσαι
459 1628 476 1700 5
495 1649 538 1682 κεν
557 1634 615 1682 νῶιν
634 1627 725 1701 Ἀθήνη
744 1670 937 1683 ........

319 1719 432 1788 ἀρκέσει.
452 1719 484 1789 ἦέ
502 1718 546 1771 τιν’
565 1717 647 1772 ἀλλον
666 1721 800 1789 ἀμύντορα
816 1720 977 1791 μερμηρίζω.

160 1827 180 1858 σ
196 1807 256 1869 265,
276 1810 316 1878 τῷ
332 1807 379 1859 οὐκ
397 1805 447 1858 οἷδ’
466 1805 483 1877 5
501 1808 543 1858 κέν
559 1807 587 1871 μ’
606 1809 691 1860 ἀνέσει
711 1809 775 1868 θεὸς
791 1809 808 1878 5
827 1827 869 1860 κεν
890 1807 979 1859 ἁλώω.

163 1913 181 1946 π
198 1895 232 1947 74
234 1935 426 1958 ........
447 1895 506 1965 δίχα
525 1896 611 1960 θυμὸς
627 1895 663 1947 ἐνί
681 1897 763 1965 φρεσί
779 1897 939 1967 μερμηρίζει,

319 1985 335 2054 ἢ
354 1983 437 2036 αὐτοῦ
456 1982 516 2052 παρ’
536 1984 596 2048 ἐμοί
611 2002 640 2036 τε
655 1986 719 2056 μένη
739 1986 781 2038 καὶ
800 1988 875 2051 δῶμα
893 1985 983 2056 κομίζη

430 2160 444 2180 ''
462 2160 468 2180 ’
487 2161 504 2212 ἕ
540 2179 581 2214 ται
599 2202 953 2217 ..............

168 2247 189 2301 θ
207 2248 268 2312 532,
287 2160 405 2314 domo?
416 2180 480 2319 54:15
495 2180 558 2313 ἀηό
581 2246 702 2322 Τυδείδης
721 2253 851 2322 κρατερὸς
867 2250 998 2322 Διομήδης

322 2378 701 2393 ...............
721 2341 855 2393 ἀπώσεται
874 2341 889 2410 5
909 2359 952 2392 κεν
971 2340 1025 2408 ἐγὼ
1045 2341 1088 2391 τὸν

315 2427 411 2500 χαλκῷ
429 2429 537 2500 δρώσας
553 2428 635 2498 ἔναρα
652 2429 800 2498 βροτόεντα
818 2430 947 2499 φέρωμαι,

165 2511 187 2565 Φ
206 2515 266 2579 226,
289 2511 381 2585 Τρῶας
398 2515 422 2568 δ’
440 2517 472 2568 οὐ
492 2517 548 2586 πρὶν
568 2517 639 2588 λήξω
658 2517 837 2587 ὑπερφιάλους
853 2517 985 2585 ἐναρίζων,

320 2604 376 2674 πρὶν
395 2603 469 2657 ἔλσαι
489 2605 555 2659 κατὰ
574 2604 641 2659 ἀστυ
660 2607 703 2658 καὶ
718 2604 820 2676 Ἕκτορι
839 2607 993 2676 πειρηθῆναι

319 2694 441 2764 ἀντιβίην,
460 2693 477 2764 5
496 2688 538 2746 κέν
554 2714 589 2758 με
608 2695 779 2759 δαμάσσεται,
798 2695 814 2765 5
834 2715 876 2747 κεν
895 2695 949 2763 ἐγὼ
968 2693 1020 2746 τόν.

161 2778 190 2832 Χ
205 2781 265 2844 246,
285 2822 291 2834 .
312 2822 317 2834 .
337 2781 378 2833 ἵνα
397 2781 498 2847 εἴδομεν
516 2782 533 2853 5
552 2802 593 2835 κεν
612 2781 737 2854 Ἀχιλλεύς
755 2824 920 2837 .......

321 2869 402 2940 ἔναρα
415 2871 563 2940 βροτόεντα
581 2873 694 2943 φέρηται
713 2913 904 2926 ........

319 2998 563 3013 ..........
583 2960 599 3031 5
619 2979 661 3013 κεν
680 2964 722 3032 σῷ
739 2961 813 3031 δουρὶ
832 2962 927 3033 δαμηη.

161 3042 188 3096 Π
203 3045 262 3108 243,
282 3045 379 3100 εἴσεται
397 3046 414 3117 5
430 3049 467 3117 ,όα
485 3049 528 3101 καί
546 3046 603 3109 οἷος
618 3049 753 3120 ἐτιίσιηται
780 3049 921 3115 πολεμίξειν

319 3175 537 3190 .........
557 3137 857 3208 ἦοί.........

317 3223 437 3289 μαίνονθ’
457 3266 940 3280 ...................

201 3312 254 3366 650
255 3352 659 3374 ················
676 3316 851 3386 μερμηρίζων,

320 3400 337 3471 5
355 3400 405 3473 ἤδη
424 3403 467 3454 καὶ
485 3406 567 3455 κεῖνον
586 3443 964 3457 ...............

318 3489 413 3563 χαλκῷ
431 3491 531 3564 δηύση,
550 3492 603 3544 ἀπό
622 3492 643 3545 τ’
663 3491 740 3556 ὤμων
760 3491 843 3563 τεύχε’
862 3492 952 3564 ἕληται

319 3577 336 3648 5
354 3575 393 3631 ἔτι
412 3580 454 3632 καὶ
474 3580 609 3634 πλεόνεσσι
628 3580 762 3649 ὀφέλλειεν
781 3621 973 3635 ........

244 3739 250 3751 0

293 3755 330 3840 2)
355 3757 515 3823 θλιιανιιιιι.

373 3881 401 3944 I.
420 3904 599 3969 ριιιοιια.

160 4035 184 4090 Ζ
201 4037 262 4103 368,
281 4039 313 4090 οὐ
327 4040 379 4108 γάρ
399 4039 420 4092 τ’
440 4039 499 4105 οἷδ’,
519 4040 536 4112 5
554 4039 591 4093 ἔτι
610 4060 670 4110 σφιν
689 4043 837 4114 ὑπότροπος
853 4044 939 4110 ἵξομαι

318 4128 335 4199 5
354 4127 405 4200 ἤδη
421 4127 449 4194 μ’
463 4131 516 4182 ἀπὸ
530 4130 609 4201 χερσὶ
628 4131 688 4183 θεολ
701 4133 818 4197 δαμόωσι
837 4131 946 4205 Ἀχαιῶν.

160 4212 184 4267 P
201 4216 253 4269 180
253 4257 446 4278 ........
466 4219 509 4270 καί
527 4219 566 4271 λδὲ
583 4217 662 4289 ἔργον

317 4307 349 4376 ηὲ
368 4308 524 4377 πανημέριος
540 4309 621 4368 κακός
637 4307 746 4374 ἔσσομαι
765 4351 983 4365 .........

317 4394 333 4463 5
354 4396 470 4448 τινακαὶ
490 4395 598 4449 Δαναῶν
616 4397 699 4467 ἀλκῆς
717 4439 907 4452 ........

320 4485 413 4556 σχήσω
432 4485 463 4538 ολ.
502 4483 529 4538 M
547 4485 605 4574 328ἶ
