2992 4988
754 340 773 402 2

284 588 287 594 .
315 528 346 611 1)
370 527 583 610 Conjunctivus
614 533 645 595 et
673 533 811 597 futurum
841 535 872 598 in
904 534 1068 599 enuntiatis
1099 536 1249 603 institutis
1272 558 1342 604 con·

364 634 571 716 junctionibus
595 655 613 700 a
635 638 729 720 stirpe
751 658 835 721 pron.
861 641 913 704 rel.
939 640 1092 707 derivatis.

444 847 660 928 junctionibus.
1307 925 1309 929 ,

477 953 510 1036 α)
534 954 702 1018 Enuntiata
724 956 903 1037 explicatius
934 955 1017 1042 (ἵνα,
1041 961 1099 1037 ὡς,
1124 963 1221 1037 ὅπως,
1247 961 1366 1049 rippas

537 1060 695 1124 enuntiata
717 1061 845 1145 finalia).

472 1164 509 1246 a)
533 1165 701 1230 Enuntiata
736 1169 914 1233 correlative
937 1169 1048 1256 (ὄφρα,
1073 1174 1132 1249 (iis,
1156 1174 1231 1251 ἕως,
1255 1177 1340 1252 etro,

532 1268 609 1347 εὖτε,
634 1272 715 1359 ἦμος,
739 1275 895 1339 enuntiata
918 1278 1120 1362 temporalia).

385 1376 418 1454 b)
442 1376 595 1440 Futurum
625 1379 656 1441 in
687 1381 851 1445 enuntiatis
873 1381 1023 1448 institutis
1049 1384 1131 1449 hisce
1152 1387 1340 1469 conjunctio·

444 1483 542 1548 nibus.

306 1587 339 1671 2)
364 1586 579 1671 conjunctivus
610 1591 640 1653 et
670 1590 808 1655 futurum
839 1593 871 1656 in
902 1596 1066 1660 enuntiatis
1096 1597 1245 1663 institutis
1269 1618 1339 1664 con·

359 1694 566 1777 junctionibus
589 1714 608 1759 a
630 1696 725 1779 stirpe
748 1698 826 1762 alins
849 1701 933 1764 verbi
956 1720 992 1766 ac
1012 1722 1095 1784 pron.
1112 1705 1165 1768 rel.
1183 1703 1337 1771 derivatis.

437 1907 655 1989 junctionibus.

471 2014 505 2095 α)
529 2013 697 2079 Enuntiata
720 2016 901 2097 explicatius
924 2019 1015 2104 (πρίν,
1038 2019 1186 2104 adverb).

468 2119 504 2202 β)
529 2119 696 2185 Enuntiata
708 2123 886 2188 correlative
899 2124 948 2208 (el,
962 2125 1035 2201 ἐπεί,
1049 2126 1115 2211 πρίν
1128 2127 1336 2213 (conjunctio).

380 2224 415 2307 b)
439 2226 592 2290 Futurum
614 2226 645 2290 in
669 2227 848 2308 enuntiatis,
872 2229 1024 2296 inst‘tutis
1046 2231 1128 2296 hisce
1152 2233 1338 2316 conjunctio·

439 2332 537 2397 nibus.

381 2438 410 2519 c)
434 2436 649 2520 Conjunctirus
673 2441 705 2504 et
726 2440 866 2505 futurum
889 2440 920 2505 in
944 2441 1238 2526 interrogationibus.

168 2579 204 2664 O)
233 2580 287 2643 De
318 2579 538 2662 particulis
568 2577 663 2666 κέ(ν)
693 2582 730 2646 et
759 2581 802 2645 ἄν
832 2553 1095 2666 conjunctivo
1126 2586 1164 2649 et
1194 2585 1336 2651 futuro
1424 2551 1435 2613 Ι·

628 2685 870 2752 adstructis.

537 2860 961 2881 ΛΛΛΛΛΛΛΛΛΛΛΛΛΛΛΝΝΛΛΛΛΛΝ

973 2989 1089 3066 „Suum
1111 2993 1241 3077 cuique.“

254 3111 381 3178 Constat
412 3110 491 3176 inter
520 3128 638 3189 omnes,
671 3111 723 3192 qui
753 3110 781 3175 ei
809 3130 901 3194 quem
932 3111 1008 3175 mihi
1038 3112 1231 3177 tractandam
1253 3113 1336 3199 elegi

165 3220 321 3303 syntaxeos
352 3218 531 3282 Homericae
562 3217 642 3299 parti
676 3210 725 3281 uel
756 3217 886 3299 opellam
923 3221 1088 3298 naverunt,
1118 3220 1334 3284 necessitatem

166 3326 319 3406 quandam
354 3325 595 3406 affinitatemque
628 3324 708 3388 inter
742 3324 967 3407 conjunctivum
991 3326 1022 3388 et
1043 3325 1182 3388 futurum
1205 3327 1334 3392 exstare.

164 3431 225 3496 Sed
248 3432 275 3495 si
297 3430 434 3495 nonnulli
449 3431 470 3513 ¹)
488 3431 618 3508 censent,
643 3429 868 3513 conjunctivum
891 3449 945 3512 pro
968 3430 1071 3495 futuro
1094 3432 1244 3495 usitatum
1267 3450 1337 3497 esse

256 3625 275 3688 ¹)
296 3622 482 3686 Thiersch‚
504 3621 619 3676 Granum.
641 3627 656 3687 5
676 3621 741 3685 295,
762 3622 786 3675 5.
807 3621 884 3685 „Wie
903 3622 962 3676 hier
981 3621 1028 3676 der
1046 3622 1106 3685 Inf.‚
1126 3639 1155 3676 so
1169 3622 1254 3677 findet
1274 3623 1343 3679 rich·

163 3695 191 3747 in
222 3693 339 3747 anderen
374 3693 471 3746 Fbllen
507 3696 577 3747 statt
615 3693 661 3746 des
691 3691 820 3760 Imperat.
852 3692 899 3746 das
931 3693 1025 3746 Futur.
1058 3692 1174 3746 Γνώσεαι
1205 3692 1337 3766 Ἀτρείδην

250 3834 438 3897 Matthiae,
460 3833 577 3888 Gramm.
597 3838 613 3899 5
632 3834 698 3896 498,
719 3833 744 3887 d.
783 3833 875 3896 „Auch
904 3834 979 3888 steht
1002 3834 1050 3888 das
1076 3834 1137 3888 Fut.
1165 3850 1257 3887 ausser
1283 3834 1337 3891 der

161 3905 252 3973 Frage
272 3907 342 3959 statt
362 3904 408 3958 des
427 3905 555 3973 Imperat.
575 3905 627 3957 mit
655 3904 728 3957 einer
755 3904 923 3958 mildernden
951 3904 1101 3973 Wendnng,
1129 3906 1169 3958 als
1195 3904 1228 3958 ob
1248 3905 1337 3962 Einer

161 3993 213 4030 von
226 3975 312 4029 selbst
321 3976 388 4029 thun
400 3975 497 4039 witrde,
515 3992 569 4029 was
583 3976 631 4030 der
644 3974 750 4029 Andere
763 3976 874 4028 fordert.
902 3975 933 4028 Il.
948 3976 980 4029 Κ.
994 3977 1028 4030 88
1044 3974 1058 4028 1
1063 3975 1158 4028 toarci
1171 3979 1204 4029 st.
1219 3978 1335 4044 rubum

249 4046 472 4115 Bernhardy,
493 4046 655 4100 Wissensch.
676 4045 779 4114 Syntax
798 4045 822 4099 d.
843 4063 882 4115 gr.
903 4047 961 4113 Spr.
982 4063 1007 4114 p.
1029 4048 1088 4101 378.
1127 4047 1198 4110 „Das
1218 4047 1261 4100 fut
1263 4088 1336 4104 .....

160 4116 209 4170 bot
234 4117 301 4170 auch
331 4117 374 4171 die
402 4117 482 4171 Form
511 4118 585 4171 eines
613 4116 745 4170 milderen
769 4117 897 4185 Imperat.
917 4117 1038 4180 dar,.riu
1057 4118 1134 4171 wirst
1152 4134 1181 4170 so
1200 4117 1335 4185 handeln,

161 4203 238 4241 wenn
258 4187 293 4241 du
312 4188 404 4257 folgst.
443 4186 492 4242 od.
511 4189 536 4254 β.
561 4189 620 4241 270.
658 4188 691 4240 Il.
711 4188 743 4240 Κ.
764 4189 823 4242 235.

248 4259 401 4327 Krilger,
422 4257 467 4312 Gr.
488 4258 609 4327 Sprachl.
629 4257 650 4312 Ι.
671 4258 747 4322 553.
768 4260 792 4312 7.
812 4259 843 4312 A.
863 4259 940 4312 2-4.
980 4259 1046 4322 „Die
1066 4258 1087 4312 I.
1107 4274 1177 4327 pers.
1189 4258 1238 4312 fut.
1253 4262 1337 4318 steht

161 4329 236 4392 auch,
255 4327 401 4383 besonders
420 4329 448 4382 in
468 4329 515 4383 der
534 4329 632 4399 Frage,
662 4328 721 4382 dem
750 4328 903 4398 conjunctiv
931 4347 1061 4400 synonyrn
1089 4330 1115 4385 in
1145 4330 1338 4389 exhortativer

160 4399 235 4468 Bdtg
237 4439 313 4453 .....
346 4400 397 4453 Die
416 4400 509 4454 aweite
528 4401 630 4454 Person
650 4400 785 4454 erscheint
810 4401 877 4454 anch
905 4400 945 4455 als
974 4399 1147 4470 gemilderter
1165 4401 1336 4471 Imperativ:

160 4470 200 4527 als
218 4469 324 4525 lebhaft
343 4470 505 4542 dringendor
525 4472 553 4525 in
573 4471 620 4525 der
639 4471 728 4541 Frage
747 4471 797 4525 mit
815 4473 871 4526 obst*
