2992 4988
773 308 792 372 8

190 504 327 588 'junctivi
351 503 498 571 norisium
521 504 640 586 saepius
663 523 756 586 quem
783 501 965 587 conjunctivi
987 519 1136 584 praesens,
1171 499 1271 583 prima
1295 517 1364 581 per·

200 628 273 674 sona
307 611 384 694 sing.
421 629 537 693 semper
572 629 642 675 cum
676 608 871 675 antecedente
905 608 1035 674 formula
1070 607 1243 691 conjuncta,
1267 604 1365 688 prima

199 735 326 800 persona
358 717 437 800 plur.
472 735 687 799 nonnunquam
722 735 756 780 ea
789 716 900 781 omissa
940 714 1089 796 reperitur
1155 712 1192 776 In
1232 709 1366 794 Odyssea

201 841 398 906 unaquaeqne
431 823 540 888 harum
573 823 773 889 formularum
805 821 920 905 primae
954 837 1097 904 personae
1130 819 1207 902 sing.
1232 819 1263 882 et
1285 817 1363 899 plur.

201 929 387 1013 adjungitur,
411 928 443 994 in
465 929 561 994 Iliade
582 948 652 995 vero
675 948 735 993 non
756 927 885 1011 reperies
914 924 977 990 ἀλλ’
999 925 1115 1007 ἄγετε
1145 944 1215 990 cum
1236 925 1262 988 Ι.
1286 940 1364 1006 pers.

154 1050 156 1054 ’
202 1036 311 1118 sing,
336 1033 399 1100 ἀλλ’
421 1034 486 1118 ἄγε
509 1055 579 1100 eum
608 1035 634 1100 Ι.
658 1053 734 1119 pere.
767 1033 864 1118 sing.
899 1051 959 1098 uno
993 1033 1116 1098 tantum
1148 1032 1226 1108 loco,
1264 1028 1365 1096 260.

204 1138 272 1204 Ἀλλ’
294 1137 341 1223 ἄγ’
363 1141 449 1224 έγών,
474 1166 484 1206 ;
507 1191 746 1207 ........

292 1245 408 1316 ἐξείπω.

290 1352 391 1437 Hujus
422 1356 453 1420 et
481 1355 616 1440 negativi
646 1353 829 1438 conjunctivi
858 1355 1013 1437 proprium
1043 1354 1090 1417 est
1121 1352 1153 1417 et
1174 1349 1326 1433 peculiare
1349 1367 1368 1413 a

202 1459 360 1543 particulis
383 1457 463 1547 κέ(ν)
487 1462 519 1526 et
541 1459 578 1526 ἄν
600 1460 783 1539 abhorrere,
801 1460 838 1526 de
861 1458 970 1542 quibus
999 1458 1077 1524 infra
1100 1457 1200 1522 dicam
1222 1455 1369 1539 perpetua

94 1562 96 1567 '
204 1566 348 1631 oratione.

642 1751 681 1840 β)
709 1754 929 1839 nepotiana.

296 1928 387 2003 A'otic
417 1938 534 2003 instans
565 1938 725 2020 quominus
751 1939 791 2003 ad
813 1938 955 2003 effectum
984 1937 1169 2021 perducatur
1196 1935 1372 2019 nsnbjeeto

206 2044 392 2128 prohibetur,
416 2044 568 2108 abnuitur.
607 2042 718 2131 ..Qum
741 2044 834 2109 latius
857 2045 907 2109 hie
930 2043 1137 2128 conjunctivus
1159 2043 1254 2126 patet,
1279 2059 1373 2123 quam

206 2149 370 2233 positivae,
395 2150 467 2232 quia
489 2169 559 2214 oum
582 2150 618 2227 I.,
642 2150 702 2229 Π,
719 2136 782 2214 ΠΙ(
799 2137 876 2240 pers.
902 2151 1078 2234 conjunctus
1108 2147 1279 2226 invenitur,
1302 2147 1374 2212 tum

207 2255 300 2321 etiam
324 2255 413 2321 certis
435 2256 573 2320 terminis
596 2256 843 2340 circumscriptus
866 2258 930 2335 est,
955 2256 1035 2339 quod
1065 2255 1185 2320 nullum
1207 2253 1292 2318 aliud
1313 2252 1375 2318 nisi

207 2361 313 2426 aoristi
336 2363 457 2444 tempus
479 2363 637 2444 reperitur,
661 2364 780 2445 praeter
803 2387 823 2445 γ
844 2365 918 2438 240,
944 2363 1070 2448 Μέντορ,
1089 2361 1228 2448 μηκέτι
1250 2361 1375 2423 ταῦτα

208 2464 415 2553 λεγοίμεθα
439 2495 481 2525 =
505 2492 520 2531 ν
544 2471 618 2534 296.

295 2572 399 2656 Longe
427 2572 669 2657 frequentissime
700 2575 861 2641 adhibetur
894 2575 944 2639 hic
979 2563 1192 2659 conjunctivus
1217 2573 1248 2636 in
1278 2589 1375 2636 enun-

208 2678 397 2757 tiationibus,
432 2698 509 2762 quae
536 2680 672 2745 timendi
705 2681 858 2746 notionem
893 2680 1056 2764 continent,
1091 2680 1217 2745 verbnm
1245 2675 1378 2742 timendi

209 2803 280 2850 vero
303 2787 358 2850 aut
381 2785 583 2868 supplendum
607 2788 662 2865 est,
791 2857 793 2861 ,

298 2914 314 2954 ε
338 2892 413 2966 356,
435 2886 469 2954 Ὦ
483 2915 535 2976 μοι
558 2893 628 2973 ἐγώ,
647 2893 691 2979 μή
713 2893 759 2966 τίς
778 2916 822 2956 τοι
845 2893 985 2982 ὑφαίνήσι
1009 2893 1097 2957 δόλον
1121 2889 1200 2955 αὖτε.

285 2992 331 3059 ’Φ
354 2999 428 3072 563,
447 2998 492 3084 μή
510 2994 542 3082 μ’
565 2998 779 3084 ἀπαειρόμενον
801 3000 904 3071 πόλιος
924 2998 1061 3063 πεδίονδε
1084 2999 1188 3087 νοήσῃ,

298 3103 362 3181 aut,
387 3102 468 3185 quod
482 3104 601 3187 saepius
616 3105 773 3186 reperitur,
797 3105 892 3191 adest,
909 3107 1087 3188 plerumque
1103 3104 1215 3179 δείδιας
1237 3101 1382 3187 οἱδέομαί

212 3210 244 3273 X
266 3211 338 3276 106.
1367 3214 1370 3219 ’

307 3312 336 3377 Ω
356 3317 419 3380 435
445 3315 575 3379 δείδοικα
597 3320 646 3380 καί
669 3317 814 3411 αἰδέομαι,
833 3306 875 3379 'df
892 3319 949 3392 34,
969 3314 1127 3392 ἀλέασθαι,
1152 3315 1272 3381 similia.

300 3438 403 3503 Minus
425 3438 595 3523 frequenter
618 3441 748 3506 usitatae
779 3442 944 3507 sententiae
974 3439 1227 3505 comminitandi
1249 3439 1299 3505 vel
1322 3438 1380 3503 ad·

211 3544 353 3620 monendi
375 3545 496 3610 notione
523 3546 542 3608 Ι
560 3550 623 3612 522
627 3597 747 3612 ......
776 3551 835 3611 τῶν
853 3548 897 3634 μή
910 3547 946 3610 ού
969 3571 1002 3630 γε
1021 3544 1120 3632 μῦθον
1143 3543 1269 3632 ἐλέγξῃς.

308 3650 332 3712 Θ
354 3652 407 3726 95,
426 3653 470 3739 μή
493 3651 534 3725 τίς
559 3651 605 3715 τοί
625 3652 761 3739 φεύγοντι
779 3653 962 3740 μεταφρένῳ
977 3654 1009 3716 έν
1033 3653 1108 3739 δόρυ
1131 3650 1219 3740 πήξῃ·
1327 3676 1330 3681 ·
1389 3659 1393 3667 ’
1417 3726 1422 3737 ,

290 3758 458 3840 'Minitatio
492 3777 572 3841 inest
606 3777 863 3842 enuntiationibus
892 3800 919 3851 σ,
946 3782 996 3851 10,
1021 3777 1079 3840 εἷκε
1100 3777 1187 3862 γέμον
1210 3773 1381 3862 προθύρου,

210 3881 253 3967 μή
277 3880 315 3968 δή
339 3883 417 3969 τάχα
440 3883 487 3945 καὶ
510 3882 603 3957 ποδὸς
629 3883 706 3971 ἕλκη.
730 3883 766 3948 of.
794 3885 844 3949 13.
873 3882 900 3946 Φ
922 3886 996 3950 475.
1042 3884 1067 3946 A
1091 3887 1141 3949 26.

302 4004 493 4070 Admonendi
509 4006 558 4070 vel
573 4007 735 4072 minitandi
750 4008 814 4073 viee
830 4009 969 4092 fungitur
987 4010 1030 4096 μή
1048 4027 1072 4073 e.
1091 4008 1165 4091 conj.
1184 4005 1383 4072 antecedente

214 4111 304 4176 verbo
322 4111 462 4195 jurandi;
483 4137 507 4197 μ
531 4115 701 4189 300.-σ,
715 4115 766 4179 57.
781 4151 825 4161 -
843 4113 875 4177 K
886 4118 947 4181 301
974 4143 1015 4171 =
1042 4117 1115 4190 341,

303 4215 382 4280 Ἀλλὰ
405 4216 546 4282 κέλεσθαί
561 4245 610 4304 μιν
629 4220 725 4304 μέγαν
748 4219 836 4305 ὅρκον
860 4221 993 4306 ὀμόσσαι,

305 4323 354 4411 Μή
377 4323 405 4387 τί
425 4347 467 4387 τοι
489 4325 573 4410 αὐτῷ
597 4331 679 4413 οήμα
702 4327 790 4390 κακὸν
811 4327 1013 4411 βουλευσέμεν
1036 4326 1117 4402 ἄλλο,

305 4428 354 4517 Μή
377 4425 404 4491 α’
427 4430 678 4533 ἀπογυμνωθέντα
701 4431 789 4496 κακδν
811 4434 859 4496 καὶ
882 4434 1016 4520 ἀνήνορα
1039 4430 1110 4520 θήῃ.
