2992 4988
731 306 773 370 26

649 394 862 405 ..ι-..ῃ

257 496 330 562 Jam
364 498 467 563 extant
500 499 641 582 exempla
676 517 754 581 quae
781 517 953 583 repugnans
987 498 1075 582 quasi
1108 501 1283 567 structurae
1313 503 1349 567 in

170 603 335 668 enuntiatis
359 603 616 670 conditionalibus
646 606 691 693 μή
725 606 917 689 negationem
949 608 1072 689 propter
1104 606 1346 692 conjunctivum,

170 728 260 791 quern
299 709 527 793 „subjectivum
538 715 556 746 ‘⁸
595 711 817 794 appellavimus
861 710 1034 791 adhibenti,
1074 713 1110 776 οὐ
1148 714 1347 797 negationem

169 816 323 899 praebent.
371 814 430 880 Sed
461 834 538 897 quae
568 816 594 880 si
625 816 670 881 ita
693 818 781 895 sunt,
805 816 841 880 ori
863 836 923 882 non
946 817 985 882 ad
1007 819 1109 884 tatum
1145 820 1346 886 enuntiatum

169 921 223 986 sed
245 922 284 986 ad
306 941 402 987 unum
424 923 546 987 tantum
569 924 712 988 naculum
734 922 933 1004 referendum,
957 924 1039 1007 qued
1054 925 1211 1008 potissime
1226 926 1344 999 habeat

169 1028 233 1094 vim
266 1029 299 1094 at
332 1028 532 1112 gravitatem,
567 1030 603 1094 ut
633 1054 656 1114 μ
691 1030 772 1109 383,
807 1031 834 1093 εί
868 1029 904 1093 θέ
934 1054 986 1115 μοι
1020 1031 1056 1094 οὐ
1088 1031 1197 1095 τίσουσι
1218 1056 1243 1096 κ.
1266 1057 1292 1097 τ.
1316 1035 1343 1098 λ.

172 1133 272 1199 Simili
294 1135 409 1200 ratione
432 1134 468 1198 ου’
491 1135 522 1199 in
545 1135 710 1200 enuntiatis
734 1154 804 1200 eum
818 1134 939 1201 notione
961 1137 1145 1220 prohibitiva
1159 1140 1339 1222 usurpatur,

167 1241 211 1328 μή
234 1241 268 1304 νύ
291 1241 392 1305 τοιού
410 1242 546 1330 χραίσμῃ
570 1281 614 1290 -
640 1243 684 1329 μή
712 1241 746 1305 νιί
770 1266 812 1305 τοι
834 1241 870 1308 ου’
888 1242 1060 1330 χραίωιωσι
1083 1242 1159 1308 θεοί.
1205 1243 1241 1308 Π
1261 1247 1340 1323 128,

163 1347 207 1434 μή
231 1347 269 1434 δή
293 1351 367 1435 νήας
387 1348 476 1412 έλωσι
498 1349 546 1411 καί
568 1348 662 1412 οὐκέτι
691 1348 787 1434 φυκτὰ
817 1347 971 1426 πέλωνται,
1005 1350 1127 1434 negatio
1162 1371 1232 1416 eum
1265 1371 1342 1419 vaae

169 1455 312 1536 sequente
333 1454 366 1518 in
388 1474 482 1519 unam
505 1454 700 1520 confunditur
722 1454 885 1520 notionem.
921 1455 958 1520 el.
982 1459 1152 1538 praeterea:

168 1584 186 1623 τ
206 1562 259 1635 85,
283 1561 317 1624 ελ
339 1561 366 1624 θ’
390 1561 407 1621 ὁ
427 1561 483 1646 μέν
506 1559 550 1634 ὧς
570 1560 708 1624 ἀπόλωλε
730 1562 778 1625 καί
808 1560 937 1625 οὐκέτι
965 1562 1097 1648 νόστιμος
1118 1563 1203 1628 ἐστίν.

165 1667 190 1747 β
213 1669 289 1742 274,
313 1667 346 1730 ελ
368 1666 394 1729 θ’
419 1666 462 1730 οὐ
484 1666 580 1730 κείνου
603 1666 628 1749 γ’
653 1665 715 1729 ἐσσι
738 1667 830 1749 γόνος.

170 1771 202 1835 Γ
220 1773 294 1847 289,
319 1773 354 1836 εἰ
376 1772 403 1836 θ’
427 1772 464 1835 ἂν
487 1772 567 1858 ἐμοὶ.
582 1823 589 1837 .
604 1823 611 1838 .
626 1773 725 1838 ,τίνειν
749 1772 818 1837 οὐκ
839 1771 991 1838 ἐθέλωσιν.

172 1877 196 1940 Δ
220 1878 273 1953 55,
297 1875 411 1964 εἴπερ
435 1879 493 1965 γὰρ
517 1876 643 1965 φθονέω
665 1880 713 1943 καί
736 1880 802 1944 οὐκ
823 1881 876 1944 εἰῶ
900 1880 1066 1968 διαπέρσαι.

229 1987 302 2060 160,
326 1981 366 2048 εί
383 2008 439 2070 περ
463 1987 520 2071 γάρ
544 2009 576 2048 τε
599 1987 648 2048 καὶ
670 1985 759 2049 αὐτίκ’
790 1987 932 2072 θλύμπιος
952 1987 1022 2050 οὐκ
1043 1988 1203 2052 ἐτέλεσσεν.

177 2091 200 2151 0
224 2094 298 2167 162,
322 2091 349 2154 εἰ
371 2090 407 2154 δέ
424 2115 477 2176 μοι
499 2090 553 2154 οὐκ
575 2091 690 2155 ἐπέεσσ’
715 2091 891 2156 ἐπιπείσεται
914 2093 950 2157 af.
976 2095 1048 2158 178.

221 2199 296 2272 492,
320 2197 483 2281 ἀρίγνωτος
506 2197 574 2272 Διὸς
595 2197 721 2284 ἄνθραοτ
744 2198 869 2282 γίγνεται
891 2199 975 2286 α’λκή,

315 2302 363 2390 ήθ
387 2305 522 2378 θτινας
537 2303 680 2391 μινύθῃ
704 2328 735 2368 τε
757 2307 806 2369 καί
828 2304 893 2368 οὐκ
915 2304 1051 2392 ἐθέλῃσιν
1074 2306 1202 2392 ἀμύνειν.

173 2408 203 2472 Υ
223 2413 297 2486 129,
320 2411 355 2473 εἷ
377 2409 404 2473 θ’
428 2409 553 2499 Ἀχιλεὺς
573 2411 616 2474 οὐ
639 2413 732 2474 ταῦτα
755 2408 839 2475 θεῶν
862 2411 895 2475 ἐκ
916 2411 1063 2476 πεύσεται.

224 2518 297 2591 199,
322 2517 358 2580 ελ
380 2515 416 2580 δέ
438 2516 478 2581 κ’.
493 2566 500 2581 .
514 2566 544 2582 ..
562 2516 629 2581 οὐκ
649 2519 748 2582 εἷῶσιν
766 2516 932 2606 μάχεσθαι.

170 2621 199 2685 Ω
220 2627 295 2699 296,
320 2625 354 2687 εί
377 2623 413 2687 δέ
435 2647 477 2686 τοι
500 2624 541 2687 οὐ
564 2623 656 2688 δώσει
678 2625 730 2688 ἑὸν
753 2624 884 2707 ἄγγελον.

256 2728 289 2794 Si
311 2729 462 2794 notionem
488 2730 671 2813 conjunctivi
687 2729 889 2813 „subjeetivi“
905 2731 936 2795 in
952 2731 1116 2797 enuntiatis
1131 2733 1336 2815 hypotheticis

167 2836 307 2913 adhibiti,
332 2837 361 2900 h.
387 2855 412 2901 e.
448 2836 720 2918 postulatum,
757 2855 827 2902 eum
862 2836 982 2901 natione
1016 2839 1112 2903 totius
1142 2839 1333 2922 conjunctivi,

167 2962 186 3006 a
207 2941 398 3006 Baumleinio
422 2943 542 3026 egregie
576 2942 735 3021 „Tendenz
758 2963 811 3008 zur
834 2943 1070 3010 Wirkliehkeit“
1106 2945 1239 3024 definita,
1264 2964 1335 3011 uen-

163 3048 333 3131 jungimuS,
369 3048 442 3131 quid
472 3051 499 3113 εἰ
522 3069 547 3113 ο.
581 3049 655 3132 eonj.
689 3055 746 3125 (=
778 3049 832 3113 ἐὰν
863 3070 888 3115 ο.
914 3050 988 3135 eenj.
1024 3050 1207 3134 scriptarum
1240 3052 1335 3136 pros.)

166 3154 306 3238 designet
337 3154 418 3219 elare
446 3157 478 3220 et
511 3155 644 3220 dilucida
667 3155 833 3237 apparebit.
880 3156 926 3220 De
949 3157 976 3220 ei
999 3177 1023 3221 ο.
1048 3157 1109 3222 ind.
1134 3158 1190 3223 fut.
1215 3159 1335 3224 notione

165 3261 243 3326 nihil
265 3261 396 3343 amplius
419 3261 592 3326 addendum
614 3260 691 3326 mihi
714 3261 843 3329 videtur.

254 3366 341 3447 Quod
364 3367 476 3434 attinet
499 3369 537 3433 ad
566 3367 593 3431 n>
616 3371 696 3433 463:

167 3473 321 3556 ἐννοσίῃαί,
346 3473 399 3537 οθκ
421 3473 457 3537 ἄν
476 3498 517 3559 με
540 3475 700 3562 σαόφρονα
718 3474 871 3563 μυθήσαιο

168 3578 299 3665 ἔμμεναι,
324 3581 351 3643 εί
373 3579 412 3667 δή
435 3581 484 3644 σοί
504 3604 537 3663 γε
558 3582 679 3666 βροτῶν
702 3583 789 3645 ἕνεκα
834 3581 1006 3667 πτολεμίζω,

163 3687 215 3751 ubi
238 3686 431 3751 Hermannus
455 3686 505 3770 (de
527 3689 605 3769 part.
631 3688 667 3751 ἄν
689 3689 731 3752 ΙΙ.
761 3691 790 3766 7,
803 3708 833 3770 p.
847 3688 903 3772 99)
927 3688 1088 3772 πτολεμίζω
1105 3689 1331 3772 conjunctivum

164 3812 227 3857 esse
262 3794 372 3871 censet,
408 3811 463 3876 ego
492 3793 568 3857 mihi
599 3793 656 3858 hoe
684 3792 863 3878 persuadere
893 3813 951 3858 non
974 3813 1107 3877 pessum.
1154 3795 1237 3860 Nem
1261 3813 1332 3858 eun-

159 3898 332 3983 junetivunr
367 3899 506 3983 intellegi
539 3900 692 3983 particula
729 3900 767 3988 δή
800 3901 885 3966 uetat
919 3919 996 3983 quae
1027 3901 1124 3966 selam
1146 3901 1172 3965 si
1195 3900 1334 3982 sequitur

164 4006 404 4089 conjunctionem
427 4007 455 4068 εί
476 4004 507 4070 in
530 4006 809 4071 enunutiatienibus
840 4006 1043 4088 hypothetieis
1074 4025 1229 4089 nunquam
1263 4025 1333 4071 een-

161 4112 300 4195 junetivo
334 4112 479 4196 adjuncta
512 4112 661 4195 reperitur
684 4114 721 4178 ef.
747 4113 773 4175 Α
797 4115 879 4188 294,
907 4112 935 4175 εἷ
963 4113 1001 4199 δή
1032 4137 1077 4176 σοι
1107 4112 1267 4199 ὑπείξομαι.
1290 4152 1334 4161 -

166 4217 194 4281 Ω
226 4219 278 4291 57,
310 4219 337 4281 εἶ
367 4219 404 4305 δή
435 4217 553 4306 θήσετε.
583 4255 628 4266 -
660 4220 690 4281 N
716 4219 798 4293 375,
822 4220 849 4282 εἰ
878 4218 961 4283 ἐτεὸν
993 4219 1031 4304 δή
1067 4219 1253 4306 τελευτήσεις.
1274 4256 1331 4309 ¹-

105 4344 110 4351 ·
164 4350 190 4387 ω
214 4326 288 4393 434,
316 4325 343 4388 εί
366 4323 404 4410 δή
423 4325 466 4410 μὴ
489 4324 627 4411 τισόμεθ’.
650 4349 740 4411 -φ
768 4328 841 4402 170,
865 4327 891 4389 εί
914 4324 956 4411 θή
979 4325 1065 4388 τοῦτό
1100 4349 1133 4405 γε
1166 4325 1330 4412 κεκαδήσει.

252 4431 322 4497 Νοο
345 4429 472 4496 dubium
495 4431 570 4495 mihi
594 4431 730 4510 videtur,
754 4430 827 4514 quin
849 4432 907 4497 hee
930 4450 1047 4513 queque
1070 4431 1135 4496 loeo
1160 4431 1226 4515 (pre
1250 4431 1353 4495 indi-⁸
