3000 4996
779 313 820 376 28

210 534 226 574 ν
250 512 326 587 427,
350 509 425 574 ἀλλὰ
449 511 487 572 τά
507 509 531 591 γ’
555 508 610 571 οὐκ
631 506 694 572 οἴιο·
717 510 785 593 πρὶν
808 509 856 571 καὶ
878 506 941 570 τινὰ
964 508 1035 588 γαΐα
1057 503 1186 576 καδέξει.

299 618 366 702 πρὶν
403 617 460 680 hae
499 615 717 699 significatione
755 615 933 678 adverbium
967 613 1133 695 temporale
1168 631 1231 676 esse
1266 612 1382 694 gradus

210 723 408 806 comparativi
430 722 604 804 oppositum
626 721 767 786 adverbio
792 724 842 784 νῦν
865 720 1075 785 demonstrant
1102 719 1201 782 multa
1225 719 1379 801 exempla:

210 853 225 892 ε
250 831 325 904 335,
352 827 520 915 Λευκοθέη,
543 829 564 915 ἦ
586 830 675 912 πρὶν
694 829 750 911 μὲν
774 826 826 914 ἔην
846 827 958 912 ,Βούτας
979 825 1134 912 αὐδήεσσα

343 938 410 998 νῦν
434 934 461 997 δ’
485 933 557 1006 eleg
577 934 609 996 ἐν
633 934 791 1015 πελάγεσσι
814 930 896 995 θεῶν
920 931 956 1002 ἐξ
975 931 1086 1017 ἔηηιορε
1110 936 1197 1018 τιμῆς.

212 1040 248 1103 B'
263 1046 336 1117 lll,
360 1041 438 1114 Ζεύς
455 1065 495 1126 με
513 1040 592 1124 μέγα
619 1039 770 1126 λζοονίδης
791 1038 847 1125 ἄτη
870 1038 993 1125 ἐνέδησε
1013 1038 1136 1125 βαρείῃ,

342 1147 482 1235 σχέτλιος,
503 1146 538 1221 δς
559 1148 648 1232 πρὶν
667 1146 723 1230 μέν
743 1170 794 1232 μοι
817 1145 962 1232 ὑπέσχετο
985 1147 1033 1209 καὶ
1055 1145 1239 1220 κατένευσεν,
1304 1172 1306 1177 ·

338 1250 419 1317 Ἴλιον
442 1252 616 1338 ἐκπέρσαντ’
640 1252 789 1340 εὐτείχεον
812 1248 1006 1328 α’πονεέσδαι,

342 1364 404 1423 νῦν
428 1360 463 1423 δὲ
485 1359 576 1446 κακην
599 1359 714 1446 ἀπάτην
734 1357 922 1440 βουλεύσατο
945 1382 969 1420 κ.
992 1381 1016 1421 τ.
1039 1358 1063 1420 λ.
1087 1358 1125 1422 cf.
1151 1355 1172 1419 vt
1198 1358 1269 1422 155.

298 1467 401 1534 Etiam
441 1465 598 1530 enuntiata
636 1483 712 1547 quae
751 1464 817 1550 πρίν
855 1463 1034 1529 adverbium
1068 1465 1099 1528 et
1133 1463 1378 1547 conjunctionem

207 1574 353 1656 praebent
375 1572 407 1636 in
430 1572 610 1655 explieativa
634 1573 665 1636 et
688 1571 868 1636 correlative
890 1572 963 1636 sunt
985 1570 1179 1654 segreganda.

296 1678 329 1743 Si
353 1679 523 1762 spectabis:

211 1784 242 1848 Σ
261 1787 336 1862 283,
360 1786 396 1848 ού
420 1785 456 1849 δέ
478 1785 539 1848 ποτ’
563 1783 707 1871 ἐκπέρσει·
730 1784 797 1871 πρίν
816 1807 865 1869 μιν
887 1783 972 1859 κύνες
993 1786 1080 1869 ἀρχοὶ
1103 1782 1228 1847 ἔδονται

210 1890 238 1954 Ω
259 1886 337 1970 551,
358 1885 394 1954 ον’
417 1891 452 1955 δέ
470 1915 519 1976 μιν
548 1891 709 1978 α’νστησεις
733 1893 800 1978 πρὶν
819 1893 871 1953 καὶ
892 1891 981 1954 κακὸν
1005 1889 1075 1953 ἄλλο
1099 1888 1255 1977 πάδησύα.

296 2000 327 2063 et

207 2104 238 2167 Σ
258 2106 332 2181 135,
357 2103 431 2166 ἀλλὰ
455 2103 492 2167 σὺ
511 2104 630 2190 μὲνμη
654 2127 700 2166 πιο
723 2103 889 2166 καταδύσεο
908 2103 1010 2187 μῶλον
1029 2099 1142 2190 Ἄρηος,

340 2210 406 2296 πρίν
430 2210 456 2292 γ’
480 2210 532 2295 ἐμὲ
555 2209 638 2294 δεῦρ’
662 2202 811 2272 ἐλδούσαν
834 2209 866 2272 ἐν
890 2209 1087 2294 ὀφδαλαοῖσιν
1110 2207 1199 2296 ἴδηαι.

206 2317 374 2398 intelleges,
399 2316 430 2380 in
452 2316 602 2398 prioribus
626 2315 745 2380 duobus
768 2313 842 2380 locis
859 2335 917 2379 non
933 2317 999 2380 tam
1014 2317 1099 2380 artus
1115 2316 1194 2380 inter
1210 2317 1377 2382 sententias

206 2424 322 2488 exstare
345 2441 519 2501 connexum,
544 2424 580 2486 ut
603 2422 796 2499 enuntiatum
819 2423 960 2501 alterum,
984 2423 1081 2487 altero
1105 2409 1227 2506 dempto
1244 2444 1314 2488 non
1335 2425 1377 2489 sit

206 2529 437 2611 perseipsum
472 2527 683 2612 perspicuum,
715 2530 820 2593 eontra
843 2527 873 2592 in
897 2529 1005 2606 tertio,
1030 2548 1121 2611 quem
1145 2529 1286 2612 exscripsi
1309 2531 1376 2596 loco

207 2634 236 2697 Σ
259 2635 337 2713 135,
367 2634 586 2700 necessitudine
614 2636 703 2700 tanta
729 2635 808 2699 inter
839 2653 871 2699 se
894 2636 1054 2718 conjuncta
1077 2656 1141 2701 esse
1164 2636 1322 2702 enuntiata
1345 2639 1377 2702 et

207 2739 435 2819 consociatione,
470 2743 507 2806 ut
542 2740 668 2806 alterius
707 2742 838 2805 alteram
875 2741 966 2805 certis
1004 2743 1186 2807 sententiam
1225 2743 1377 2808 describat

205 2847 317 2911 finibus
329 2866 457 2929 eamque
480 2849 629 2930 suppleat.
676 2847 765 2911 Illius
781 2847 898 2930 generis
914 2849 1072 2914 enuntiata
1087 2849 1167 2914 inter
1182 2849 1373 2932 explicatius,

205 2954 295 3036 hujus
318 2954 435 3037 generis
466 2954 545 3018 inter
577 2954 755 3019 correlative
777 2955 849 3018 sunt
871 2953 1044 3034 referenda,
1068 2956 1099 3020 in
1121 2955 1185 3020 illis
1209 2956 1376 3026 enuntiatis¹

205 3063 272 3146 arpis
295 3060 415 3124 notione
438 3059 605 3125 adverbiali
628 3062 660 3125 et
683 3060 901 3144 conjunctivus,
926 3060 1011 3145 cujus
1034 3062 1066 3125 in
1088 3062 1254 3129 enuntiatis
1277 3064 1375 3147 expli-

205 3166 312 3231 eativis
335 3186 432 3231 unum
454 3168 577 3231 tantum
592 3167 738 3248 praebent
753 3167 923 3249 exemplum
940 3168 1073 3232 carmina
1086 3167 1259 3246 Homerica,
1283 3189 1375 3252 quem

204 3272 387 3357 objectivum
412 3273 542 3338 diximus
564 3272 795 3357 intellegendus,
819 3272 851 3337 in
873 3274 921 3338 his
945 3276 1012 3360 πρὶν
1035 3294 1089 3356 pro
1113 3276 1321 3358 conjunctione
1343 3278 1375 3341 et

48 3392 51 3396 ’
130 3454 133 3458 ‚
205 3379 412 3463 conjunctivus
435 3398 526 3462 quem
549 3379 751 3462 subjectivum
783 3378 1004 3462 appellavimus
1027 3380 1182 3462 putandus
1206 3383 1269 3458 est;
1305 3401 1374 3446 sen-

205 3486 301 3550 tentia
323 3484 502 3551 antecedens
525 3504 643 3569 semper
666 3487 713 3551 est
736 3486 887 3569 negativa.

291 3591 592 3657 Enuntiationes
626 3592 946 3675 interrogativae
980 3593 1152 3676 geminatae
1190 3613 1261 3658 cum
1301 3613 1372 3660 eon-

198 3698 335 3782 junetivo
359 3700 391 3763 et
412 3699 514 3764 lutuno
538 3698 619 3782 apud
641 3698 810 3764 Homerum
832 3697 1035 3765 instituuntur
1056 3699 1208 3781 particula
1232 3698 1253 3786 ἦ
1274 3697 1326 3787 (ἦ)

203 3803 225 3892 ο
247 3854 387 3869 ·······
396 3803 537 3893 ιοκε
546 3854 686 3870 -------
695 3804 787 3892 ιο

203 3908 225 3997 η’
247 3960 386 3975 .......
395 3909 538 3998 deffere
547 3960 642 3976 .....
650 3909 832 3998 ,..ἧεκε)Υ
956 3898 958 3902 ³

248 4066 388 4081 .......
396 4015 1371 4104 anae.-9111.-‚a415.-n138.-r325.

248 4172 387 4187 .......
396 4149 425 4212 η.

211 4227 241 4252 >l
404 4229 412 4255 ³
