2992 4988
767 332 840 394 32,

495 527 578 602 cive,
602 525 729 602 ὁπότε,
753 524 842 589 εὖτε
899 558 903 565 ’
1047 595 1053 608 ,

537 634 565 696 9·
656 636 686 696 7·
775 633 805 696 3·
882 615 952 661 cum
975 596 1126 677 particula
1149 595 1195 661 ἄν.

528 740 579 803 20.
650 739 699 802 15.
780 785 798 813 ,,
905 785 925 813 ,,
1039 727 1074 813 ,,’
1148 738 1245 826 κέν.Ι

298 863 331 944 2)
355 881 373 925 a
396 860 490 943 stirpe
515 861 593 925 alius
616 861 699 926 verbi
723 880 758 925 ae
781 880 864 943 pron.
889 861 943 926 rel.
1019 893 1022 896 Δ

355 969 392 1045 εἶ,
416 969 491 1043 ἐπεὶ,
515 967 590 1054 πρίν.

355 1098 421 1160 apo
445 1092 562 1156 semper
584 1076 648 1138 sino
664 1074 821 1156 particulis
846 1075 882 1137 ἄν
906 1078 937 1140 et
959 1076 1006 1138 κέν
1031 1076 1186 1157 reperitur,
1213 1094 1283 1139 cum
1306 1095 1376 1157 par·

355 1181 458 1246 ticulis
493 1181 544 1256 el,
580 1181 666 1245 ἐπεί
696 1181 735 1244 in
771 1181 1022 1246 correlativis
1061 1183 1218 1246 tantum
1256 1202 1376 1246 enun-

356 1287 478 1372 tiatis
503 1287 740 1370 conjunctae
764 1289 858 1352 sunt
880 1289 1116 1370 particulae.

296 1411 328 1494 a)
353 1430 423 1476 cum
447 1412 636 1494 conjunctivo
691 1467 694 1474 .

388 1518 418 1581 in
442 1518 607 1584 enuntiatis
630 1520 833 1603 hypotheticis

442 1627 492 1702 εἰ,
516 1624 558 1688 ἄν
583 1629 641 1703 20,
664 1626 726 1689 κέν
753 1629 814 1691 108

388 1732 419 1795 in
442 1731 606 1797 enuntiatis
628 1731 852 1816 interrogativis

443 1840 495 1914 εἷ,
518 1838 582 1902 κέν
606 1841 657 1905 53.

227 2009 238 2031 .,
298 1961 332 2043 h)
356 1980 426 2026 cum
448 1961 551 2027 futuro

292 2058 295 2063 ’
388 2068 419 2132 in
443 2069 608 2134 enuntiatis
630 2068 834 2154 hypotheticis

446 2176 483 2251 εἷ,
506 2176 581 2241 κέ3

388 2281 418 2344 in
442 2281 606 2347 enuntiatis
629 2283 853 2365 interrogativis

440 2389 524 2452 nulla
547 2391 667 2453 exstant
689 2390 833 2471 exempla.
1278 2475 1281 2482 Ι

355 2495 442 2558 ἐπεὶ
458 2498 662 2578 ,,Ῑ)03οῃ1001“
680 2495 703 2559 ἅ
708 2521 723 2558 ν
739 2498 793 2572 38,
809 2495 857 2559 κέν
881 2499 934 2575 27,
958 2495 984 2559 si
999 2496 1209 2561 adnumerabis
1232 2497 1318 2560 ἐπεί
1337 2521 1375 2559 κε

360 2601 396 2679 in,
414 2601 687 2684 comparationibus
711 2605 763 2668 33.
1450 2586 1454 2592 ’

296 2726 376 2790 Usus
399 2727 566 2808 particulae
588 2727 636 2789 κέν
659 2728 749 2809 longe
772 2727 955 2808 frequentior
969 2728 1016 2791 ost
1031 2745 1124 2808 quam
1144 2728 1311 2810 particulae
1327 2727 1374 2802 ἄν,

343 2849 381 2933 l).
397 2850 428 2912 in
451 2850 616 2914 enuntiatis
639 2849 1057 2932 primariis......1i‘u:xe'u
1081 2879 1122 2907 =
1193 2855 1238 2915 9:
1278 2854 1329 2916 35.

341 2955 374 3039 2)
397 2956 429 3020 in
452 2956 616 3022 enuntiatis
640 2957 823 3021 secundariis
844 2956 969 3021 ....ἄν
986 2958 1058 3021 ικέν
1082 2986 1124 3014 =
1152 2960 1213 3024 140
1231 2980 1238 3021 :
1256 2959 1330 3025 450.

337 3109 339 3114 -
419 3062 450 3146 a)
474 3064 506 3127 in
529 3063 696 3128 enuntiatis
718 3063 907 3146 euphoativis
930 3063 967 3127 ἄν
983 3091 993 3127 .·
1008 3066 1056 3128 κέν
1080 3093 1121 3120 =
1169 3066 1236 3129 37:
1276 3068 1294 3128 7
1299 3068 1328 3128 7.

418 3168 452 3252 h)
475 3169 506 3232 in
529 3170 695 3234 enuntiatis
719 3169 907 3235 correlativis
931 3169 967 3233 ἄν
985 3197 994 3233 .·
1009 3171 1057 3234 κέν
1082 3198 1122 3226 =
1150 3171 1212 3236 104
1230 3192 1238 3234 :
1256 3171 1329 3234 373.

529 3275 560 3340 in
583 3295 703 3341 summa
727 3275 1058 3352 ἄνεκέντ-ῧε16,

295 3595 460 3678 Imprimus
483 3595 560 3661 illud
583 3599 718 3679 apparet,
742 3599 882 3662 neutram
906 3597 1015 3661 harum
1038 3595 1256 3678 particularum
1280 3595 1375 3678 signi-

207 3701 379 3767 ficationem
401 3703 561 3768 modorum
584 3704 632 3767 vel
654 3706 827 3786 temporum
850 3702 973 3780 mutari,
998 3721 1093 3785 neque
1116 3701 1154 3764 ἄν
1176 3701 1225 3766 vel
1248 3702 1280 3764 κέ
1302 3720 1374 3783 par-

207 3808 310 3873 ticuHs
334 3809 446 3874 additis
469 3809 616 3874 incertam
632 3808 717 3874 reddi
741 3808 933 3888 senteutiam,
957 3828 1034 3891 quac
1050 3809 1143 3888 immo
1159 3827 1375 3890 nonnunquam

207 3914 410 3979 certissimam
434 3935 499 3981 esse
521 3917 676 3999 appareat.

203 4037 233 4135 A
256 4040 332 4116 300,
355 4043 414 4103 τῶν
437 4039 464 4102 δ’
490 4039 597 4117 ἄλλων,
621 4040 715 4125 ἅμοί
735 4007 794 4116 ἐστι
817 4037 881 4127 θοῇ
901 4041 986 4128 παρὰ
1009 4041 1055 4129 νηὶ
1073 4040 1210 4126 μελαίνῃ,

341 4148 399 4209 τῶν
422 4145 475 4209 οὐκ
497 4145 533 4210 ἄν
556 4170 580 4209 τι
602 4146 707 4232 φέροις
727 4147 841 4210 ἀνελὼν
864 4146 1002 4220 ἀέκοντος
1023 4146 1114 4230 ἐμεῖο.

323 4358 417 4437 ,ὅσσοι
440 4380 488 4421 κεν
512 4358 595 4422 αὐτοὶ
618 4358 703 4435 aaron,
726 4359 802 4422 ἑκὼν
825 4358 852 4421 δ’
875 4358 929 4423 οὐκ
951 4358 987 4423 ἄν
1009 4381 1050 4433 τις
1070 4359 1171 4422 ἕλοιτο.

209 4463 233 4526 Δ
257 4466 332 4540 223,
355 4464 388 4528 ἐν
411 4464 437 4527 δ’
461 4464 516 4528 οὐκ
537 4464 573 4528 ἂν
593 4465 734 4551 βρίζοντα
759 4463 825 4559 ἴδῃς
845 4465 1046 4551 Ἀγαμέμνονα
1070 4465 1142 4529 δῖον.
