2992 4988
763 297 803 360 16

207 489 237 551 Ψ
255 491 328 567 140,
348 486 548 575 φρασσόμεθ’,
572 489 673 552 limae
696 489 803 575 κέρδος
824 487 972 573 Ὀλύμπιος
992 485 1154 574 ἐγγααλίξμ

290 595 322 678 2)
346 595 599 679 negativum:

206 700 232 764 Φ
258 702 330 776 103,
355 704 405 765 νῦν
428 701 481 764 οὐκ
505 699 569 764 ἐσθ’
593 702 671 776 ὅστις
691 699 822 765 θάνατον
845 700 934 788 φύγμ·

211 805 241 868 Ψ
257 808 332 883 343,
356 807 410 869 οὐκ
432 804 498 870 eoo’
522 807 556 881 δς
575 807 608 870 κέ
631 807 771 893 α’ἕλῃσιν.
786 857 815 872 ..
834 805 905 870 οὐδὲ
929 802 1075 891 παμέλδῃ.

198 913 223 996 β
244 914 298 990 43,
322 909 390 976 οὔτε
412 911 461 976 τιν’
484 911 619 1000 ἀγγελίην
643 910 743 976 ἔκλαον
752 962 870 977 ......

334 1019 370 1106 ἦν
393 1018 457 1104 ὑμῖν
480 1019 565 1104 σάφα
588 1015 671 1083 εἴπω.

203 1125 224 1198 ζ
244 1127 320 1201 202,
345 1175 463 1190 ......
481 1124 557 1211 ἀνὴρ
577 1173 697 1192 ......
718 1124 790 1188 οὐδὲ
813 1125 939 1213 γένηται,

334 1232 368 1304 oc
388 1254 436 1294 κεν
465 1228 602 1315 Φαιήκων
625 1231 746 1315 ἀνδρῶν
759 1231 802 1304 ’ἐς
821 1234 908 1313 γαῖαν
931 1229 1032 1318 &prae
1166 1227 1168 1233 ’

87 1316 90 1321 ’
207 1357 210 1360 ’
290 1336 522 1421 conjunctivum
544 1337 727 1420 objectivum
750 1356 814 1402 esse
838 1355 999 1420 cognosces
1022 1337 1145 1419 singula
1167 1335 1368 1417 sispsctahis

179 1445 337 1526 exempla
360 1444 392 1507 in
417 1443 739 1526 omnibusnegatione
770 1443 805 1506 οὐ
836 1461 911 1525 opus
942 1442 1039 1518 esset:
1074 1440 1101 1504 (1)
1134 1444 1206 1521 103,
1228 1441 1367 1505 dubitare

201 1552 307 1632 possis,
330 1551 435 1614 utrum
459 1549 666 1633 conjunctivus
686 1549 870 1632 subjectivus
894 1568 932 1613 an
953 1548 1119 1630 obiectivus
1143 1548 1184 1613 sit
1204 1547 1295 1635 corp,
1313 1546 1366 1612 sed

210 1655 240 1718 Ψ
250 1658 323 1735 342,
334 1656 395 1741 uhi
410 1655 493 1719 οὐδὲ
508 1674 567 1720 αοα
578 1655 668 1742 μηδὲ
684 1655 827 1738 adjuncta
841 1656 888 1719 est
903 1654 1032 1737 negatio,
1047 1655 1127 1719 claro
1142 1653 1284 1732 ostendit,
1298 1672 1369 1718 con·

200 1762 371 1845 junctivum
394 1762 579 1845 objectivum
608 1761 639 1826 in
670 1781 704 1826 eo
728 1761 955 1827 enuntiatorum
981 1779 1104 1845 genere,
1128 1758 1369 1844 intellegendum

204 1886 277 1946 osse,
302 1868 333 1931 in
349 1886 407 1950 quo
431 1867 573 1951 negativa
596 1869 642 1933 est
665 1868 815 1933 sententia
838 1866 1026 1932 antecedens.

293 1975 330 2038 In
352 1974 422 2038 aliis
447 1974 528 2040 color
550 1973 675 2056 qnidam
697 1973 934 2058 interrogatione
956 1974 1056 2065 *exstat
1078 1974 1115 2038 ut
1139 1974 1168 2035 B
1193 1975 1275 2049 365;
1299 1992 1370 2056 pro-

204 2098 312 2143 nomen
346 2080 510 2145 relativum
543 2082 654 2162 quum‘
672 2099 742 2145 vero
776 2081 865 2163 plane
900 2080 1060 2145 abhorreat
1082 2098 1101 2144 a
1123 2080 1244 2145 notione
1275 2079 1369 2144 inter·

205 2186 343 2270 rogativa
354 2186 378 2269 1¹)
409 2186 494 2276 haee
515 2187 652 2269 exempla
681 2204 740 2252 non
770 2186 849 2251 inter
883 2186 1102 2252 enuntiationes
1136 2186 1369 2271 interrogativas

205 2291 359 2357 referenda
387 2290 441 2356 sed
469 2311 504 2356 er
535 2292 716 2376 primigenia
746 2293 933 2376 pronominis
970 2293 1091 2358 relativi
1126 2293 1246 2357 notione
1276 2291 1369 2357 inter-

204 2396 352 2479 pretanda
375 2399 454 2462 sunt.

388 2648 417 2712 2.
449 2647 642 2712 Futurum
672 2647 710 2712 in
739 2647 963 2713 enuntiatis
992 2647 1188 2712 relativis.
1229 2660 1233 2668 ·

233 2803 235 2807 Ι
294 2841 462 2908 Enuntiata
486 2860 556 2906 oum
579 2841 684 2906 futuro
714 2841 869 2905 referenda
900 2842 971 2906 sunt
993 2841 1072 2906 inter
1095 2842 1254 2907 enuntiata
1277 2841 1373 2924 expli-

208 2949 323 3028 cativa,
348 2947 420 3030 quia
450 2947 527 3014 nihil
556 2947 640 3012 aliud
671 2948 826 3013 continent
856 2965 948 3029 quam
977 2948 1209 3030 explicationem
1236 2946 1320 3012 verbi
1342 2946 1375 3011 in

90 3043 94 3047 ¹
207 3055 402 3121 antecedente
421 3053 636 3121 enuntiatione.
683 3053 798 3119 uocem
826 3071 885 3136 quo
916 3054 949 3117 in
971 3055 1131 3119 sententiis
1153 3053 1374 3137 principalibus

208 3162 301 3228 otiam
335 3161 367 3224 in
401 3161 449 3225 his
483 3159 623 3243 fungitur
655 3162 712 3226 hoc
746 3162 869 3243 tempus
903 3179 1036 3240 munere,
1072 3161 1118 3225 ita
1148 3163 1183 3226 nt
1213 3160 1291 3226 nihil
1309 3160 1375 3244 jam

104 3344 108 3351 ¹
208 3267 381 3332 addendum
402 3265 549 3331 videatur.
597 3265 679 3331 Nam
701 3267 734 3330 in
756 3267 792 3330 Il.
825 3265 856 3328 Ψ
873 3258 946 3331 675.

297 3373 458 3462 κηδεμόνες
479 3372 514 3436 δέ
536 3374 564 3435 οἱ
587 3369 690 3437 ἐνθάδ’
714 3372 835 3446 ἀολλέες
856 3369 1107 3457 uituperationes,

297 3479 330 3543 οἵ
347 3479 379 3542 κε’
397 3502 446 3564 μιν
469 3478 613 3549 ἐξοίσουσι
636 3479 709 3567 ἐμῇς
729 3478 786 3542 ὑπὸ
806 3480 895 3566 χερσὶ
919 3479 1048 3564 δαμέντα

208 3588 347 3653 futurum
396 3584 540 3664 ἐξοίσουσι
588 3584 664 3649 nihil
716 3585 801 3649 aliud
843 3604 936 3667 quam
986 3584 1131 3649 fiduciam
1178 3602 1376 3668 permagnam

211 3693 320 3757 ceteris
350 3692 449 3763 verbis
482 3691 606 3775 pugulis
641 3691 834 3775 aptissimam
868 3690 1016 3778 exprimit.
1050 3691 1100 3774 (cf.
1127 3716 1150 3756 ν.
1172 3689 1250 3756 666.
1275 3691 1376 3777 cipere

210 3797 411 3885 δῆμοόνων).
459 3798 558 3862 Tanta
581 3800 627 3864 est
649 3797 762 3862 fiducia
794 3796 907 3880 pugilis
943 3797 1213 3880 grandiloquentis‚
1247 3797 1283 3863 ut
1317 3813 1378 3860 non

211 3903 310 3969 solum
333 3903 539 3968 adversarium
568 3923 659 3969 suum
688 3903 829 3970 manibus
858 3902 921 3968 suis
945 3902 1097 3968 domitum
1118 3903 1205 3968 humi
1223 3902 1378 3987 jacentem

210 4010 322 4090 videat,
357 4009 410 4076 sed
445 4011 537 4075 etiarn
567 4011 719 4075 curatores
750 4030 820 4075 eum
843 4010 998 4075 ablaturos
1021 4010 1199 4074 adhortetur
1221 4010 1257 4074 ut
1279 4025 1378 4073 rema

210 4117 303 4182 neant
325 4115 395 4196 „die
424 4115 657 4201 heichentrager
687 4116 782 4182 sollen
800 4113 877 4180 'hier
906 4115 1040 4194 blaten,
1074 4114 1121 4180 die
1152 4115 1221 4180 dich
1251 4104 1377 4180 hernus-

211 4223 319 4306 tragen
342 4222 512 4303 verdon,
537 4241 596 4288 non
622 4222 767 4303 „sollen‘t

304 4435 323 4500 ¹)
342 4431 490 4498 Windisoh
510 4432 617 4488 Unters.
636 4431 703 4488 uber
722 4430 769 4487 das
788 4431 846 4488 lael.
866 4446 941 4501 pron.
961 4432 990 4486 in
1008 4431 1056 4487 der
1073 4429 1165 4501 indog.
1186 4425 1311 4500 Sprseho.
