<?xml version="1.0" encoding="UTF-8"?>
<!DOCTYPE html PUBLIC "-//W3C//DTD XHTML 1.0 Transitional//EN"
    "http://www.w3.org/TR/xhtml1/DTD/xhtml1-transitional.dtd">
<html xmlns="http://www.w3.org/1999/xhtml" xml:lang="en" lang="en">
 <head>
  <title>
</title>
<meta http-equiv="Content-Type" content="text/html;charset=utf-8" />
  <meta name='ocr-system' content='tesseract 3.04.00' />
  <meta name='ocr-capabilities' content='ocr_page ocr_carea ocr_par ocr_line ocrx_word'/>
</head>
<body>
  <div class='ocr_page' id='page_1' title='image "./deconjunctiviet00pollgoog_0025.png"; bbox 0 0 2992 4988; ppageno 0'>
   <div class='ocr_carea' id='block_1_1' title="bbox 731 328 770 393">
    <p class='ocr_par' dir='ltr' id='par_1_1' title="bbox 731 328 770 393">
     <span class='ocr_line' id='line_1_1' title="bbox 731 328 770 393; baseline 0.051 -2"><span class='ocrx_word' id='word_1_1' title='bbox 731 328 770 393; x_wconf 90' lang='lat'>18</span> 
     </span>
    </p>
   </div>
   <div class='ocr_carea' id='block_1_2' title="bbox 159 521 1363 2198">
    <p class='ocr_par' dir='ltr' id='par_1_2' title="bbox 165 521 1363 1244">
     <span class='ocr_line' id='line_1_2' title="bbox 165 521 1332 609; baseline -0.002 -21"><span class='ocrx_word' id='word_1_2' title='bbox 165 525 316 588; x_wconf 79' lang='lat' dir='ltr'>sescentas</span> <span class='ocrx_word' id='word_1_3' title='bbox 351 542 453 605; x_wconf 79' lang='lat' dir='ltr'>paene,</span> <span class='ocrx_word' id='word_1_4' title='bbox 470 523 491 606; x_wconf 88' lang='lat'>¹)</span> <span class='ocrx_word' id='word_1_5' title='bbox 527 523 746 607; x_wconf 82' lang='lat' dir='ltr'>conjunctionis</span> <span class='ocrx_word' id='word_1_6' title='bbox 781 521 865 609; x_wconf 76' lang='grc' dir='ltr'><em>ὄφρα</em></span> <span class='ocrx_word' id='word_1_7' title='bbox 903 522 1026 586; x_wconf 87' lang='lat' dir='ltr'>finalem</span> <span class='ocrx_word' id='word_1_8' title='bbox 1064 523 1095 586; x_wconf 91' lang='lat' dir='ltr'>et</span> <span class='ocrx_word' id='word_1_9' title='bbox 1132 523 1332 604; x_wconf 80' lang='lat' dir='ltr'>temporalem</span> 
     </span>
     <span class='ocr_line' id='line_1_3' title="bbox 166 628 1332 712; baseline -0.002 -18"><span class='ocrx_word' id='word_1_10' title='bbox 166 631 335 694; x_wconf 82' lang='lat' dir='ltr'>derivemus</span> <span class='ocrx_word' id='word_1_11' title='bbox 370 629 531 694; x_wconf 85' lang='lat' dir='ltr'>notionem.</span> <span class='ocrx_word' id='word_1_12' title='bbox 579 628 830 712; x_wconf 81' lang='lat' dir='ltr'>Conjunotionum</span> <span class='ocrx_word' id='word_1_13' title='bbox 864 630 988 705; x_wconf 77' lang='lat' dir='ltr'>autem,</span> <span class='ocrx_word' id='word_1_14' title='bbox 1020 628 1148 710; x_wconf 87' lang='lat' dir='ltr'>quarum</span> <span class='ocrx_word' id='word_1_15' title='bbox 1183 629 1244 692; x_wconf 89' lang='lat' dir='ltr'>alia</span> <span class='ocrx_word' id='word_1_16' title='bbox 1279 628 1332 692; x_wconf 92' lang='lat' dir='ltr'>alii</span> 
     </span>
     <span class='ocr_line' id='line_1_4' title="bbox 165 734 1333 818; baseline -0.003 -17"><span class='ocrx_word' id='word_1_17' title='bbox 165 755 331 818; x_wconf 78' lang='lat' dir='ltr'>repugnare</span> <span class='ocrx_word' id='word_1_18' title='bbox 354 735 475 800; x_wconf 87' lang='lat' dir='ltr'>videtur</span> <span class='ocrx_word' id='word_1_19' title='bbox 497 735 686 818; x_wconf 75' lang='lat' dir='ltr'>significatio,</span> <span class='ocrx_word' id='word_1_20' title='bbox 711 736 825 817; x_wconf 91' lang='lat' dir='ltr'>optime</span> <span class='ocrx_word' id='word_1_21' title='bbox 847 735 1001 799; x_wconf 87' lang='lat' dir='ltr'>derivatur</span> <span class='ocrx_word' id='word_1_22' title='bbox 1023 752 1105 814; x_wconf 83' lang='lat' dir='ltr'>usus,</span> <span class='ocrx_word' id='word_1_23' title='bbox 1130 735 1155 798; x_wconf 89' lang='lat' dir='ltr'>si</span> <span class='ocrx_word' id='word_1_24' title='bbox 1178 734 1333 800; x_wconf 89' lang='lat' dir='ltr'>notionem</span> 
     </span>
     <span class='ocr_line' id='line_1_5' title="bbox 165 833 1332 926; baseline 0.001 -22"><span class='ocrx_word' id='word_1_25' title='bbox 165 833 377 924; x_wconf 78' lang='lat' dir='ltr'>primigeniam</span> <span class='ocrx_word' id='word_1_26' title='bbox 406 842 451 926; x_wconf 81' lang='lat' dir='ltr'>(in</span> <span class='ocrx_word' id='word_1_27' title='bbox 473 841 601 924; x_wconf 87' lang='lat' dir='ltr'>singulis</span> <span class='ocrx_word' id='word_1_28' title='bbox 625 860 731 923; x_wconf 88' lang='lat' dir='ltr'>nempe</span> <span class='ocrx_word' id='word_1_29' title='bbox 762 841 1022 925; x_wconf 82' lang='lat' dir='ltr'>conjunctionibus</span> <span class='ocrx_word' id='word_1_30' title='bbox 1044 841 1127 906; x_wconf 89' lang='lat' dir='ltr'>notio</span> <span class='ocrx_word' id='word_1_31' title='bbox 1151 841 1332 924; x_wconf 85' lang='lat' dir='ltr'>primigenia</span> 
     </span>
     <span class='ocr_line' id='line_1_6' title="bbox 165 946 1332 1032; baseline -0.002 -19"><span class='ocrx_word' id='word_1_32' title='bbox 165 948 292 1014; x_wconf 87' lang='lat' dir='ltr'>divinari</span> <span class='ocrx_word' id='word_1_33' title='bbox 313 948 416 1030; x_wconf 90' lang='lat' dir='ltr'>potius</span> <span class='ocrx_word' id='word_1_34' title='bbox 438 966 530 1031; x_wconf 91' lang='lat' dir='ltr'>quam</span> <span class='ocrx_word' id='word_1_35' title='bbox 553 946 624 1011; x_wconf 85' lang='lat' dir='ltr'>seiri</span> <span class='ocrx_word' id='word_1_36' title='bbox 639 948 771 1031; x_wconf 90' lang='lat' dir='ltr'>oportet)</span> <span class='ocrx_word' id='word_1_37' title='bbox 787 947 820 1011; x_wconf 93' lang='lat' dir='ltr'>in</span> <span class='ocrx_word' id='word_1_38' title='bbox 834 948 963 1030; x_wconf 87' lang='lat' dir='ltr'>utroque</span> <span class='ocrx_word' id='word_1_39' title='bbox 979 948 1205 1013; x_wconf 87' lang='lat' dir='ltr'>enuntiatorum</span> <span class='ocrx_word' id='word_1_40' title='bbox 1222 966 1332 1032; x_wconf 84' lang='lat' dir='ltr'>genere</span> 
     </span>
     <span class='ocr_line' id='line_1_7' title="bbox 165 1048 1363 1139; baseline 0 -20"><span class='ocrx_word' id='word_1_41' title='bbox 165 1054 292 1119; x_wconf 85' lang='lat' dir='ltr'>anobis</span> <span class='ocrx_word' id='word_1_42' title='bbox 315 1053 485 1136; x_wconf 84' lang='lat' dir='ltr'>proposito,</span> <span class='ocrx_word' id='word_1_43' title='bbox 509 1052 689 1136; x_wconf 83' lang='lat' dir='ltr'>explieativo</span> <span class='ocrx_word' id='word_1_44' title='bbox 719 1048 750 1119; x_wconf 86' lang='lat' dir='ltr'>et</span> <span class='ocrx_word' id='word_1_45' title='bbox 779 1053 955 1120; x_wconf 80' lang='lat' dir='ltr'>correlative</span> <span class='ocrx_word' id='word_1_46' title='bbox 989 1055 1197 1139; x_wconf 85' lang='lat' dir='ltr'>supponimus.</span> <span class='ocrx_word' id='word_1_47' title='bbox 1243 1054 1332 1120; x_wconf 92' lang='lat' dir='ltr'>Unde</span> <span class='ocrx_word' id='word_1_48' title='bbox 1358 1130 1363 1135; x_wconf 27' lang='lat'>¹</span> 
     </span>
     <span class='ocr_line' id='line_1_8' title="bbox 167 1161 372 1244; baseline -0.015 -18"><span class='ocrx_word' id='word_1_49' title='bbox 167 1161 372 1244; x_wconf 76' lang='lat' dir='ltr'>conspicuum,</span> 
     </span>
    </p>

    <p class='ocr_par' dir='ltr' id='par_1_3' title="bbox 159 1265 1332 1774">
     <span class='ocr_line' id='line_1_9' title="bbox 256 1265 1332 1351; baseline 0.001 -21"><span class='ocrx_word' id='word_1_50' title='bbox 256 1268 287 1351; x_wconf 89' lang='lat' dir='ltr'>l)</span> <span class='ocrx_word' id='word_1_51' title='bbox 318 1286 390 1331; x_wconf 91' lang='lat' dir='ltr'>non</span> <span class='ocrx_word' id='word_1_52' title='bbox 424 1284 466 1331; x_wconf 84' lang='lat' dir='ltr'>ex</span> <span class='ocrx_word' id='word_1_53' title='bbox 496 1266 554 1330; x_wconf 86' lang='lat' dir='ltr'>hae</span> <span class='ocrx_word' id='word_1_54' title='bbox 588 1267 636 1330; x_wconf 91' lang='lat' dir='ltr'>vel</span> <span class='ocrx_word' id='word_1_55' title='bbox 670 1265 725 1330; x_wconf 90' lang='lat' dir='ltr'>illa</span> <span class='ocrx_word' id='word_1_56' title='bbox 759 1265 1056 1351; x_wconf 79' lang='lat' dir='ltr'>conjunctionis</span> <span class='ocrx_word' id='word_1_57' title='bbox 1089 1266 1254 1332; x_wconf 89' lang='lat' dir='ltr'>notione</span> <span class='ocrx_word' id='word_1_58' title='bbox 1288 1267 1332 1331; x_wconf 90' lang='lat' dir='ltr'>de</span> 
     </span>
     <span class='ocr_line' id='line_1_10' title="bbox 164 1372 1332 1456; baseline -0.001 -19"><span class='ocrx_word' id='word_1_59' title='bbox 164 1372 394 1438; x_wconf 80' lang='lat' dir='ltr'>indicativo</span> <span class='ocrx_word' id='word_1_60' title='bbox 432 1373 495 1438; x_wconf 91' lang='lat' dir='ltr'>vel</span> <span class='ocrx_word' id='word_1_61' title='bbox 534 1372 794 1456; x_wconf 81' lang='lat' dir='ltr'>conjunctivo</span> <span class='ocrx_word' id='word_1_62' title='bbox 831 1372 967 1455; x_wconf 91' lang='lat' dir='ltr'>ponendo</span> <span class='ocrx_word' id='word_1_63' title='bbox 1006 1372 1332 1439; x_wconf 84' lang='lat' dir='ltr'>concludendum</span> 
     </span>
     <span class='ocr_line' id='line_1_11' title="bbox 164 1478 1331 1563; baseline -0.001 -19"><span class='ocrx_word' id='word_1_64' title='bbox 164 1499 240 1557; x_wconf 84' lang='lat' dir='ltr'>esse,</span> <span class='ocrx_word' id='word_1_65' title='bbox 276 1479 369 1543; x_wconf 91' lang='lat' dir='ltr'>immo</span> <span class='ocrx_word' id='word_1_66' title='bbox 403 1497 445 1542; x_wconf 88' lang='lat' dir='ltr'>ex</span> <span class='ocrx_word' id='word_1_67' title='bbox 479 1478 694 1543; x_wconf 82' lang='lat' dir='ltr'>indicativo</span> <span class='ocrx_word' id='word_1_68' title='bbox 729 1479 792 1543; x_wconf 92' lang='lat' dir='ltr'>vel</span> <span class='ocrx_word' id='word_1_69' title='bbox 827 1478 1076 1562; x_wconf 79' lang='lat' dir='ltr'>conjunctivo</span> <span class='ocrx_word' id='word_1_70' title='bbox 1111 1480 1230 1563; x_wconf 83' lang='lat' dir='ltr'>(utrum</span> <span class='ocrx_word' id='word_1_71' title='bbox 1258 1480 1331 1543; x_wconf 89' lang='lat' dir='ltr'>sub-</span> 
     </span>
     <span class='ocr_line' id='line_1_12' title="bbox 159 1584 1332 1669; baseline -0.001 -19"><span class='ocrx_word' id='word_1_72' title='bbox 159 1586 289 1669; x_wconf 84' lang='lat' dir='ltr'>jectivus</span> <span class='ocrx_word' id='word_1_73' title='bbox 312 1604 351 1649; x_wconf 87' lang='lat' dir='ltr'>an</span> <span class='ocrx_word' id='word_1_74' title='bbox 375 1584 542 1667; x_wconf 81' lang='lat' dir='ltr'>objectivus</span> <span class='ocrx_word' id='word_1_75' title='bbox 576 1585 741 1649; x_wconf 89' lang='lat' dir='ltr'>videndum</span> <span class='ocrx_word' id='word_1_76' title='bbox 776 1585 836 1667; x_wconf 87' lang='lat' dir='ltr'>est)</span> <span class='ocrx_word' id='word_1_77' title='bbox 871 1585 1023 1668; x_wconf 84' lang='lat' dir='ltr'>adjunctis</span> <span class='ocrx_word' id='word_1_78' title='bbox 1059 1585 1262 1669; x_wconf 88' lang='lat' dir='ltr'>oonjunetioni</span> <span class='ocrx_word' id='word_1_79' title='bbox 1285 1585 1332 1649; x_wconf 90' lang='lat' dir='ltr'>de</span> 
     </span>
     <span class='ocr_line' id='line_1_13' title="bbox 163 1690 990 1774; baseline -0.001 -18"><span class='ocrx_word' id='word_1_80' title='bbox 163 1691 320 1756; x_wconf 91' lang='lat' dir='ltr'>notione</span> <span class='ocrx_word' id='word_1_81' title='bbox 344 1690 639 1774; x_wconf 81' lang='lat' dir='ltr'>conjunctionis</span> <span class='ocrx_word' id='word_1_82' title='bbox 663 1691 990 1770; x_wconf 79' lang='lat' dir='ltr'>concludendum,</span> 
     </span>
    </p>

    <p class='ocr_par' dir='ltr' id='par_1_4' title="bbox 162 1796 1332 2198">
     <span class='ocr_line' id='line_1_14' title="bbox 253 1796 1332 1879; baseline 0 -18"><span class='ocrx_word' id='word_1_83' title='bbox 253 1797 286 1879; x_wconf 77' lang='lat'>2)</span> <span class='ocrx_word' id='word_1_84' title='bbox 310 1796 533 1879; x_wconf 79' lang='lat' dir='ltr'>conjunctiones</span> <span class='ocrx_word' id='word_1_85' title='bbox 556 1796 666 1860; x_wconf 89' lang='lat' dir='ltr'>finibus</span> <span class='ocrx_word' id='word_1_86' title='bbox 689 1796 837 1879; x_wconf 81' lang='lat' dir='ltr'>angustis,</span> <span class='ocrx_word' id='word_1_87' title='bbox 862 1797 971 1878; x_wconf 87' lang='lat' dir='ltr'>quibus</span> <span class='ocrx_word' id='word_1_88' title='bbox 994 1797 1157 1862; x_wconf 88' lang='lat' dir='ltr'>relativum</span> <span class='ocrx_word' id='word_1_89' title='bbox 1179 1796 1332 1862; x_wconf 85' lang='lat' dir='ltr'>intellexi-</span> 
     </span>
     <span class='ocr_line' id='line_1_15' title="bbox 163 1902 1332 1984; baseline -0.001 -17"><span class='ocrx_word' id='word_1_90' title='bbox 163 1923 232 1967; x_wconf 89' lang='lat' dir='ltr'>mus</span> <span class='ocrx_word' id='word_1_91' title='bbox 255 1921 314 1966; x_wconf 95' lang='lat' dir='ltr'>non</span> <span class='ocrx_word' id='word_1_92' title='bbox 337 1921 402 1966; x_wconf 88' lang='lat' dir='ltr'>esse</span> <span class='ocrx_word' id='word_1_93' title='bbox 426 1902 681 1984; x_wconf 79' lang='lat' dir='ltr'>circumscriptas,</span> <span class='ocrx_word' id='word_1_94' title='bbox 706 1903 816 1984; x_wconf 91' lang='lat' dir='ltr'>quippe</span> <span class='ocrx_word' id='word_1_95' title='bbox 841 1922 911 1967; x_wconf 87' lang='lat' dir='ltr'>oum</span> <span class='ocrx_word' id='word_1_96' title='bbox 934 1922 993 1968; x_wconf 91' lang='lat' dir='ltr'>non</span> <span class='ocrx_word' id='word_1_97' title='bbox 1016 1903 1117 1968; x_wconf 88' lang='lat' dir='ltr'>minus</span> <span class='ocrx_word' id='word_1_98' title='bbox 1141 1922 1237 1968; x_wconf 90' lang='lat' dir='ltr'>unum</span> <span class='ocrx_word' id='word_1_99' title='bbox 1259 1906 1332 1968; x_wconf 88' lang='lat' dir='ltr'>tan-</span> 
     </span>
     <span class='ocr_line' id='line_1_16' title="bbox 163 2008 1331 2090; baseline 0.001 -17"><span class='ocrx_word' id='word_1_100' title='bbox 163 2013 230 2073; x_wconf 86' lang='lat' dir='ltr'>tum</span> <span class='ocrx_word' id='word_1_101' title='bbox 253 2010 397 2074; x_wconf 87' lang='lat' dir='ltr'>voeulum</span> <span class='ocrx_word' id='word_1_102' title='bbox 431 2008 611 2073; x_wconf 81' lang='lat' dir='ltr'>antecedens</span> <span class='ocrx_word' id='word_1_103' title='bbox 642 2027 736 2090; x_wconf 90' lang='lat' dir='ltr'>quam</span> <span class='ocrx_word' id='word_1_104' title='bbox 766 2010 865 2073; x_wconf 89' lang='lat' dir='ltr'>totam</span> <span class='ocrx_word' id='word_1_105' title='bbox 893 2009 1124 2075; x_wconf 77' lang='lat' dir='ltr'>antecedentem</span> <span class='ocrx_word' id='word_1_106' title='bbox 1147 2009 1331 2075; x_wconf 88' lang='lat' dir='ltr'>sententiam</span> 
     </span>
     <span class='ocr_line' id='line_1_17' title="bbox 162 2115 457 2198; baseline 0.003 -20"><span class='ocrx_word' id='word_1_107' title='bbox 162 2116 309 2198; x_wconf 82' lang='lat' dir='ltr'>explicare</span> <span class='ocrx_word' id='word_1_108' title='bbox 332 2115 457 2197; x_wconf 88' lang='lat' dir='ltr'>possint.</span> 
     </span>
    </p>
   </div>
   <div class='ocr_carea' id='block_1_3' title="bbox 487 2309 1009 2395">
    <p class='ocr_par' dir='ltr' id='par_1_5' title="bbox 487 2309 1009 2395">
     <span class='ocr_line' id='line_1_18' title="bbox 487 2309 1009 2395; baseline 0 -22"><span class='ocrx_word' id='word_1_109' title='bbox 487 2314 519 2391; x_wconf 85' lang='lat' dir='ltr'>o)</span> <span class='ocrx_word' id='word_1_110' title='bbox 555 2309 724 2374; x_wconf 79' lang='lat' dir='ltr'>Euantiota</span> <span class='ocrx_word' id='word_1_111' title='bbox 746 2310 921 2395; x_wconf 64' lang='lat' dir='ltr'>explicatius</span> <span class='ocrx_word' id='word_1_112' title='bbox 943 2334 1009 2375; x_wconf 80' lang='lat' dir='ltr'>euna</span> 
     </span>
    </p>
   </div>
   <div class='ocr_carea' id='block_1_4' title="bbox 579 2452 912 2538">
    <p class='ocr_par' dir='ltr' id='par_1_6' title="bbox 579 2452 912 2538">
     <span class='ocr_line' id='line_1_19' title="bbox 579 2452 912 2538; baseline 0.003 -24"><span class='ocrx_word' id='word_1_113' title='bbox 579 2456 613 2534; x_wconf 80' lang='lat' dir='ltr'>a)</span> <span class='ocrx_word' id='word_1_114' title='bbox 644 2452 912 2538; x_wconf 79' lang='lat' dir='ltr'>ooujrrnote&#39;oo.</span> 
     </span>
    </p>
   </div>
   <div class='ocr_carea' id='block_1_5' title="bbox 161 2626 1331 4303">
    <p class='ocr_par' dir='ltr' id='par_1_7' title="bbox 164 2626 1330 2820">
     <span class='ocr_line' id='line_1_20' title="bbox 251 2626 1330 2714; baseline 0 -20"><span class='ocrx_word' id='word_1_115' title='bbox 251 2629 502 2714; x_wconf 82' lang='lat' dir='ltr'>Conjunotionunr</span> <span class='ocrx_word' id='word_1_116' title='bbox 525 2648 543 2693; x_wconf 88' lang='lat' dir='ltr'>a</span> <span class='ocrx_word' id='word_1_117' title='bbox 566 2629 659 2711; x_wconf 87' lang='lat' dir='ltr'>stirpe</span> <span class='ocrx_word' id='word_1_118' title='bbox 690 2627 874 2711; x_wconf 89' lang='lat' dir='ltr'>pronominis</span> <span class='ocrx_word' id='word_1_119' title='bbox 898 2626 1017 2693; x_wconf 86' lang='lat' dir='ltr'>relativi</span> <span class='ocrx_word' id='word_1_120' title='bbox 1041 2629 1246 2694; x_wconf 82' lang='lat' dir='ltr'>derivatorum</span> <span class='ocrx_word' id='word_1_121' title='bbox 1268 2629 1330 2694; x_wconf 89' lang='lat' dir='ltr'>hue</span> 
     </span>
     <span class='ocr_line' id='line_1_21' title="bbox 164 2733 703 2820; baseline -0.002 -23"><span class='ocrx_word' id='word_1_122' title='bbox 164 2737 315 2818; x_wconf 76' lang='lat' dir='ltr'>pertinent</span> <span class='ocrx_word' id='word_1_123' title='bbox 338 2736 395 2811; x_wconf 79' lang='grc' dir='ltr'>ἵνα,</span> <span class='ocrx_word' id='word_1_124' title='bbox 420 2737 471 2809; x_wconf 83' lang='grc' dir='ltr'>ὡς,</span> <span class='ocrx_word' id='word_1_125' title='bbox 495 2736 586 2809; x_wconf 75' lang='grc' dir='ltr'><strong><em>ὅπως,</em></strong></span> <span class='ocrx_word' id='word_1_126' title='bbox 610 2733 703 2820; x_wconf 74' lang='grc' dir='ltr'><em>ὄφρα.</em></span> 
     </span>
    </p>

    <p class='ocr_par' dir='ltr' id='par_1_8' title="bbox 163 2839 1329 3032">
     <span class='ocr_line' id='line_1_22' title="bbox 251 2839 1329 2925; baseline 0.002 -21"><span class='ocrx_word' id='word_1_127' title='bbox 251 2841 298 2905; x_wconf 79' lang='grc' dir='ltr'>ἵνα</span> <span class='ocrx_word' id='word_1_128' title='bbox 321 2840 563 2906; x_wconf 86' lang='lat' dir='ltr'>instrumentalis</span> <span class='ocrx_word' id='word_1_129' title='bbox 596 2840 643 2905; x_wconf 85' lang='lat' dir='ltr'>est</span> <span class='ocrx_word' id='word_1_130' title='bbox 675 2839 860 2922; x_wconf 88' lang='lat' dir='ltr'>pronominis</span> <span class='ocrx_word' id='word_1_131' title='bbox 888 2840 1025 2919; x_wconf 77' lang='lat' dir='ltr'>relativi,</span> <span class='ocrx_word' id='word_1_132' title='bbox 1050 2840 1109 2906; x_wconf 89' lang='lat' dir='ltr'>skt.</span> <span class='ocrx_word' id='word_1_133' title='bbox 1133 2860 1219 2925; x_wconf 78' lang='lat' dir='ltr'>pena,</span> <span class='ocrx_word' id='word_1_134' title='bbox 1243 2841 1329 2906; x_wconf 89' lang='lat' dir='ltr'>notio</span> 
     </span>
     <span class='ocr_line' id='line_1_23' title="bbox 163 2945 761 3032; baseline 0 -21"><span class='ocrx_word' id='word_1_135' title='bbox 163 2947 343 3031; x_wconf 86' lang='lat' dir='ltr'>primigenia</span> <span class='ocrx_word' id='word_1_136' title='bbox 366 2965 436 3032; x_wconf 86' lang='lat' dir='ltr'>ergo</span> <span class='ocrx_word' id='word_1_137' title='bbox 460 2945 518 3012; x_wconf 86' lang='lat' dir='ltr'>erit</span> <span class='ocrx_word' id='word_1_138' title='bbox 541 2946 618 3026; x_wconf 78' lang='lat' dir='ltr'>„hoe</span> <span class='ocrx_word' id='word_1_139' title='bbox 641 2945 761 3011; x_wconf 84' lang='lat' dir='ltr'>modo.“</span> 
     </span>
    </p>

    <p class='ocr_par' dir='ltr' id='par_1_9' title="bbox 161 3051 1331 4090">
     <span class='ocr_line' id='line_1_24' title="bbox 251 3051 1330 3135; baseline 0.002 -19"><span class='ocrx_word' id='word_1_140' title='bbox 251 3054 295 3128; x_wconf 86' lang='grc' dir='ltr'>ὡς</span> <span class='ocrx_word' id='word_1_141' title='bbox 323 3053 475 3118; x_wconf 86' lang='lat' dir='ltr'>ablativus</span> <span class='ocrx_word' id='word_1_142' title='bbox 502 3053 549 3118; x_wconf 86' lang='lat' dir='ltr'>est</span> <span class='ocrx_word' id='word_1_143' title='bbox 579 3051 763 3135; x_wconf 88' lang='lat' dir='ltr'>pronominis</span> <span class='ocrx_word' id='word_1_144' title='bbox 791 3051 911 3117; x_wconf 79' lang='lat' dir='ltr'>relativi</span> <span class='ocrx_word' id='word_1_145' title='bbox 939 3054 976 3118; x_wconf 89' lang='lat' dir='ltr'>ut</span> <span class='ocrx_word' id='word_1_146' title='bbox 1005 3051 1106 3117; x_wconf 90' lang='lat' dir='ltr'>omnia</span> <span class='ocrx_word' id='word_1_147' title='bbox 1128 3052 1271 3118; x_wconf 87' lang='lat' dir='ltr'>adverbia</span> <span class='ocrx_word' id='word_1_148' title='bbox 1296 3054 1330 3118; x_wconf 91' lang='lat' dir='ltr'>in</span> 
     </span>
     <span class='ocr_line' id='line_1_25' title="bbox 162 3158 1329 3243; baseline 0.001 -20"><span class='ocrx_word' id='word_1_149' title='bbox 162 3181 250 3234; x_wconf 86' lang='grc' dir='ltr'>-ως</span> <span class='ocrx_word' id='word_1_150' title='bbox 271 3159 438 3225; x_wconf 85' lang='lat' dir='ltr'>desinentia</span> <span class='ocrx_word' id='word_1_151' title='bbox 461 3159 588 3225; x_wconf 84' lang='lat' dir='ltr'>ablativi</span> <span class='ocrx_word' id='word_1_152' title='bbox 610 3160 682 3223; x_wconf 89' lang='lat' dir='ltr'>sunt</span> <span class='ocrx_word' id='word_1_153' title='bbox 704 3158 799 3242; x_wconf 90' lang='lat' dir='ltr'>ipsius</span> <span class='ocrx_word' id='word_1_154' title='bbox 822 3158 971 3243; x_wconf 82' lang='lat' dir='ltr'>adjectivi.</span> <span class='ocrx_word' id='word_1_155' title='bbox 1018 3159 1112 3224; x_wconf 90' lang='lat' dir='ltr'>Notio</span> <span class='ocrx_word' id='word_1_156' title='bbox 1145 3158 1329 3242; x_wconf 82' lang='lat' dir='ltr'>primigenia</span> 
     </span>
     <span class='ocr_line' id='line_1_26' title="bbox 161 3264 1331 3348; baseline 0 -18"><span class='ocrx_word' id='word_1_157' title='bbox 161 3265 289 3330; x_wconf 87' lang='lat' dir='ltr'>ablativi</span> <span class='ocrx_word' id='word_1_158' title='bbox 311 3267 414 3331; x_wconf 88' lang='lat' dir='ltr'>autem</span> <span class='ocrx_word' id='word_1_159' title='bbox 441 3266 489 3330; x_wconf 87' lang='lat' dir='ltr'>est</span> <span class='ocrx_word' id='word_1_160' title='bbox 504 3267 660 3348; x_wconf 78' lang='lat' dir='ltr'>punctum,</span> <span class='ocrx_word' id='word_1_161' title='bbox 685 3283 777 3347; x_wconf 91' lang='lat' dir='ltr'>aquo</span> <span class='ocrx_word' id='word_1_162' title='bbox 793 3267 895 3330; x_wconf 87' lang='lat' dir='ltr'>motus</span> <span class='ocrx_word' id='word_1_163' title='bbox 911 3264 1072 3347; x_wconf 89' lang='lat' dir='ltr'>quisquam</span> <span class='ocrx_word' id='word_1_164' title='bbox 1087 3264 1156 3330; x_wconf 84' lang='lat' dir='ltr'>erit.</span> <span class='ocrx_word' id='word_1_165' title='bbox 1189 3266 1331 3330; x_wconf 90' lang='lat' dir='ltr'>Duarum</span> 
     </span>
     <span class='ocr_line' id='line_1_27' title="bbox 162 3371 1329 3455; baseline 0.001 -20"><span class='ocrx_word' id='word_1_166' title='bbox 162 3371 404 3436; x_wconf 90' lang='lat' dir='ltr'>enuntiationum</span> <span class='ocrx_word' id='word_1_167' title='bbox 433 3389 511 3454; x_wconf 91' lang='lat' dir='ltr'>quae</span> <span class='ocrx_word' id='word_1_168' title='bbox 540 3371 747 3455; x_wconf 83' lang='lat' dir='ltr'>conjunctione</span> <span class='ocrx_word' id='word_1_169' title='bbox 777 3372 821 3445; x_wconf 88' lang='grc' dir='ltr'>ὡς</span> <span class='ocrx_word' id='word_1_170' title='bbox 849 3372 1025 3455; x_wconf 78' lang='lat' dir='ltr'>conjunctae</span> <span class='ocrx_word' id='word_1_171' title='bbox 1055 3372 1143 3450; x_wconf 77' lang='lat' dir='ltr'>sunt,</span> <span class='ocrx_word' id='word_1_172' title='bbox 1168 3389 1203 3436; x_wconf 90' lang='lat' dir='ltr'>ea</span> <span class='ocrx_word' id='word_1_173' title='bbox 1233 3391 1329 3436; x_wconf 92' lang='lat' dir='ltr'>enun-</span> 
     </span>
     <span class='ocr_line' id='line_1_28' title="bbox 162 3476 1328 3560; baseline 0.002 -19"><span class='ocrx_word' id='word_1_174' title='bbox 162 3477 249 3542; x_wconf 89' lang='lat' dir='ltr'>tiatio</span> <span class='ocrx_word' id='word_1_175' title='bbox 267 3477 473 3560; x_wconf 80' lang='lat' dir='ltr'>conjunctione</span> <span class='ocrx_word' id='word_1_176' title='bbox 496 3477 539 3551; x_wconf 86' lang='grc' dir='ltr'>ὡς</span> <span class='ocrx_word' id='word_1_177' title='bbox 559 3476 702 3542; x_wconf 89' lang='lat' dir='ltr'>instituta</span> <span class='ocrx_word' id='word_1_178' title='bbox 717 3477 841 3555; x_wconf 80' lang='lat' dir='ltr'>indicat,</span> <span class='ocrx_word' id='word_1_179' title='bbox 865 3476 1015 3542; x_wconf 80' lang='lat' dir='ltr'>astionem</span> <span class='ocrx_word' id='word_1_180' title='bbox 1031 3477 1089 3542; x_wconf 87' lang='lat' dir='ltr'>sibi</span> <span class='ocrx_word' id='word_1_181' title='bbox 1103 3476 1328 3543; x_wconf 85' lang='lat' dir='ltr'>inhabitantem</span> 
     </span>
     <span class='ocr_line' id='line_1_29' title="bbox 161 3582 1326 3665; baseline 0.003 -19"><span class='ocrx_word' id='word_1_182' title='bbox 161 3583 230 3657; x_wconf 89' lang='lat' dir='ltr'>inde</span> <span class='ocrx_word' id='word_1_183' title='bbox 253 3583 292 3648; x_wconf 87' lang='lat' dir='ltr'>ab</span> <span class='ocrx_word' id='word_1_184' title='bbox 322 3589 360 3648; x_wconf 85' lang='lat' dir='ltr'>eo¹</span> <span class='ocrx_word' id='word_1_185' title='bbox 390 3584 525 3665; x_wconf 89' lang='lat' dir='ltr'>tempore</span> <span class='ocrx_word' id='word_1_186' title='bbox 559 3585 684 3662; x_wconf 76' lang='lat' dir='ltr'>exstare,</span> <span class='ocrx_word' id='word_1_187' title='bbox 719 3601 779 3665; x_wconf 87' lang='lat' dir='ltr'>quo</span> <span class='ocrx_word' id='word_1_188' title='bbox 814 3582 893 3648; x_wconf 86' lang='lat' dir='ltr'>aetio</span> <span class='ocrx_word' id='word_1_189' title='bbox 927 3583 958 3648; x_wconf 93' lang='lat' dir='ltr'>in</span> <span class='ocrx_word' id='word_1_190' title='bbox 992 3583 1088 3648; x_wconf 89' lang='lat' dir='ltr'>altera</span> <span class='ocrx_word' id='word_1_191' title='bbox 1119 3583 1326 3649; x_wconf 90' lang='lat' dir='ltr'>enuntiatione</span> 
     </span>
     <span class='ocr_line' id='line_1_30' title="bbox 162 3687 1328 3772; baseline 0.002 -20"><span class='ocrx_word' id='word_1_192' title='bbox 162 3687 328 3764; x_wconf 62' lang='lat' dir='ltr'>exstiterim</span> <span class='ocrx_word' id='word_1_193' title='bbox 361 3688 413 3753; x_wconf 91' lang='lat' dir='ltr'>sed</span> <span class='ocrx_word' id='word_1_194' title='bbox 444 3688 518 3753; x_wconf 86' lang='lat' dir='ltr'>haee</span> <span class='ocrx_word' id='word_1_195' title='bbox 548 3688 728 3772; x_wconf 86' lang='lat' dir='ltr'>primigenia</span> <span class='ocrx_word' id='word_1_196' title='bbox 750 3688 832 3753; x_wconf 90' lang='lat' dir='ltr'>notio</span> <span class='ocrx_word' id='word_1_197' title='bbox 856 3689 1032 3771; x_wconf 89' lang='lat' dir='ltr'>temporalis</span> <span class='ocrx_word' id='word_1_198' title='bbox 1054 3689 1086 3753; x_wconf 94' lang='lat' dir='ltr'>in</span> <span class='ocrx_word' id='word_1_199' title='bbox 1108 3689 1236 3753; x_wconf 88' lang='lat' dir='ltr'>Homeri</span> <span class='ocrx_word' id='word_1_200' title='bbox 1260 3707 1328 3754; x_wconf 89' lang='lat' dir='ltr'>oar-</span> 
     </span>
     <span class='ocr_line' id='line_1_31' title="bbox 162 3794 1330 3878; baseline 0.001 -20"><span class='ocrx_word' id='word_1_201' title='bbox 162 3794 293 3859; x_wconf 87' lang='lat' dir='ltr'>minibus</span> <span class='ocrx_word' id='word_1_202' title='bbox 326 3813 387 3859; x_wconf 93' lang='lat' dir='ltr'>nou</span> <span class='ocrx_word' id='word_1_203' title='bbox 419 3795 577 3877; x_wconf 84' lang='lat' dir='ltr'>reperitur,</span> <span class='ocrx_word' id='word_1_204' title='bbox 613 3795 718 3859; x_wconf 89' lang='lat' dir='ltr'>eontra</span> <span class='ocrx_word' id='word_1_205' title='bbox 741 3813 777 3859; x_wconf 85' lang='lat' dir='ltr'>ea</span> <span class='ocrx_word' id='word_1_206' title='bbox 799 3794 991 3878; x_wconf 75' lang='lat' dir='ltr'>significatio,</span> <span class='ocrx_word' id='word_1_207' title='bbox 1026 3813 1103 3877; x_wconf 88' lang='lat' dir='ltr'>quae</span> <span class='ocrx_word' id='word_1_208' title='bbox 1136 3795 1225 3859; x_wconf 91' lang='lat' dir='ltr'>illam</span> <span class='ocrx_word' id='word_1_209' title='bbox 1247 3795 1330 3859; x_wconf 89' lang='lat' dir='ltr'>iuter</span> 
     </span>
     <span class='ocr_line' id='line_1_32' title="bbox 162 3900 1328 3985; baseline 0.002 -21"><span class='ocrx_word' id='word_1_210' title='bbox 162 3902 324 3982; x_wconf 89' lang='lat' dir='ltr'>utrumque</span> <span class='ocrx_word' id='word_1_211' title='bbox 348 3900 540 3966; x_wconf 88' lang='lat' dir='ltr'>enuntiatum</span> <span class='ocrx_word' id='word_1_212' title='bbox 563 3900 774 3965; x_wconf 81' lang='lat' dir='ltr'>necessitatem</span> <span class='ocrx_word' id='word_1_213' title='bbox 796 3901 913 3966; x_wconf 90' lang='lat' dir='ltr'>ratione</span> <span class='ocrx_word' id='word_1_214' title='bbox 935 3901 1035 3985; x_wconf 77' lang='lat' dir='ltr'>logica</span> <span class='ocrx_word' id='word_1_215' title='bbox 1050 3900 1197 3985; x_wconf 85' lang='lat' dir='ltr'>oonoepit.</span> <span class='ocrx_word' id='word_1_216' title='bbox 1233 3901 1328 3966; x_wconf 88' lang='lat' dir='ltr'>Notio</span> 
     </span>
     <span class='ocr_line' id='line_1_33' title="bbox 161 4005 1017 4090; baseline 0.002 -21"><span class='ocrx_word' id='word_1_217' title='bbox 161 4005 341 4089; x_wconf 84' lang='lat' dir='ltr'>primigenia</span> <span class='ocrx_word' id='word_1_218' title='bbox 364 4005 472 4071; x_wconf 91' lang='lat' dir='ltr'>similis</span> <span class='ocrx_word' id='word_1_219' title='bbox 496 4006 555 4072; x_wconf 88' lang='lat' dir='ltr'>erit</span> <span class='ocrx_word' id='word_1_220' title='bbox 576 4006 698 4071; x_wconf 90' lang='lat' dir='ltr'>notione</span> <span class='ocrx_word' id='word_1_221' title='bbox 721 4007 938 4090; x_wconf 77' lang='lat' dir='ltr'>conjunctionis</span> <span class='ocrx_word' id='word_1_222' title='bbox 961 4007 1017 4071; x_wconf 81' lang='grc' dir='ltr'><em>ἵνα.</em></span> 
     </span>
    </p>

    <p class='ocr_par' dir='ltr' id='par_1_10' title="bbox 161 4111 1329 4303">
     <span class='ocr_line' id='line_1_34' title="bbox 250 4111 1329 4196; baseline 0.004 -22"><span class='ocrx_word' id='word_1_223' title='bbox 250 4113 333 4186; x_wconf 76' lang='grc' dir='ltr'><em>ὅπως</em></span> <span class='ocrx_word' id='word_1_224' title='bbox 357 4113 464 4177; x_wconf 84' lang='lat' dir='ltr'>suffixo</span> <span class='ocrx_word' id='word_1_225' title='bbox 495 4111 651 4178; x_wconf 90' lang='lat' dir='ltr'>indefinito</span> <span class='ocrx_word' id='word_1_226' title='bbox 673 4149 718 4160; x_wconf 90' lang='lat'>—</span> <span class='ocrx_word' id='word_1_227' title='bbox 740 4137 778 4176; x_wconf 81' lang='grc' dir='ltr'>πο</span> <span class='ocrx_word' id='word_1_228' title='bbox 801 4113 977 4196; x_wconf 88' lang='lat' dir='ltr'>interposito</span> <span class='ocrx_word' id='word_1_229' title='bbox 1009 4115 1132 4179; x_wconf 90' lang='lat' dir='ltr'>tantum</span> <span class='ocrx_word' id='word_1_230' title='bbox 1164 4112 1266 4179; x_wconf 85' lang='lat' dir='ltr'>differt</span> <span class='ocrx_word' id='word_1_231' title='bbox 1288 4113 1329 4178; x_wconf 87' lang='lat' dir='ltr'>ab</span> 
     </span>
     <span class='ocr_line' id='line_1_35' title="bbox 161 4218 443 4303; baseline 0.007 -22"><span class='ocrx_word' id='word_1_232' title='bbox 161 4219 206 4293; x_wconf 84' lang='grc' dir='ltr'>ὡς</span> <span class='ocrx_word' id='word_1_233' title='bbox 226 4218 443 4303; x_wconf 83' lang='lat' dir='ltr'>conjunctione.</span> 
     </span>
    </p>
   </div>
   <div class='ocr_carea' id='block_1_6' title="bbox 161 4393 1330 4520">
    <p class='ocr_par' dir='ltr' id='par_1_11' title="bbox 161 4393 1330 4520">
     <span class='ocr_line' id='line_1_36' title="bbox 197 4393 1330 4519; baseline 0.002 -73"><span class='ocrx_word' id='word_1_234' title='bbox 197 4464 218 4519; x_wconf 43' lang='lat' dir='ltr'>t·</span> <span class='ocrx_word' id='word_1_235' title='bbox 252 4397 272 4461; x_wconf 88' lang='lat'>¹)</span> <span class='ocrx_word' id='word_1_236' title='bbox 291 4393 482 4448; x_wconf 85' lang='lat' dir='ltr'>Passovius</span> <span class='ocrx_word' id='word_1_237' title='bbox 505 4410 525 4447; x_wconf 87' lang='lat' dir='ltr'>s.</span> <span class='ocrx_word' id='word_1_238' title='bbox 545 4410 569 4449; x_wconf 90' lang='lat' dir='ltr'>v.</span> <span class='ocrx_word' id='word_1_239' title='bbox 589 4394 660 4450; x_wconf 82' lang='lat' dir='ltr'>eirea</span> <span class='ocrx_word' id='word_1_240' title='bbox 684 4394 783 4464; x_wconf 79' lang='lat' dir='ltr'>viginti</span> <span class='ocrx_word' id='word_1_241' title='bbox 803 4395 891 4450; x_wconf 84' lang='lat' dir='ltr'>varias</span> <span class='ocrx_word' id='word_1_242' title='bbox 910 4395 989 4464; x_wconf 79' lang='lat' dir='ltr'>huius</span> <span class='ocrx_word' id='word_1_243' title='bbox 1009 4394 1205 4464; x_wconf 78' lang='lat' dir='ltr'>conjunctionis</span> <span class='ocrx_word' id='word_1_244' title='bbox 1223 4393 1330 4462; x_wconf 84' lang='lat' dir='ltr'>profert</span> 
     </span>
     <span class='ocr_line' id='line_1_37' title="bbox 161 4480 293 4520; baseline 0.008 -3"><span class='ocrx_word' id='word_1_245' title='bbox 161 4480 195 4517; x_wconf 92' lang='lat' dir='ltr'>no</span> <span class='ocrx_word' id='word_1_246' title='bbox 210 4480 293 4520; x_wconf 82' lang='lat' dir='ltr'>nones.</span> 
     </span>
    </p>
   </div>
   <div class='ocr_carea' id='block_1_7' title="bbox 0 0 1500 4988">
    <p class='ocr_par' dir='ltr' id='par_1_12' title="bbox 0 0 1500 4988">
     <span class='ocr_line' id='line_1_38' title="bbox 0 0 1500 4988; baseline 0 0"><span class='ocrx_word' id='word_1_247' title='bbox 0 0 1500 4988; x_wconf 95' lang='lat' dir='ltr'> </span> 
     </span>
    </p>
   </div>
  </div>
 </body>
</html>
