2992 4988
736 308 777 372 22

169 504 305 569 adhiberi
327 504 421 581 vetat,
446 504 550 568 contra
574 521 608 567 ea
624 521 659 567 er
681 503 747 584 ipsa
771 501 868 566 surturi
890 499 1010 565 notione
1033 499 1139 582 petita,
1163 500 1211 563 ost
1234 499 1339 563 autem

169 610 251 675 notio
275 611 381 688 futuri,
407 611 442 674 ut
465 610 614 674 actionem
630 609 697 691 (pro
713 609 850 691 opinione
865 605 1030 689 loquentis)
1048 607 1156 671 certe
1179 624 1339 669 evasuram

146 735 233 805 *esse
263 715 386 780 indicet.
433 717 586 780 Futurum
618 733 689 798 ergo
720 716 819 778 totam
847 713 1012 796 imaginem
1036 732 1071 776 ex
1094 712 1276 795 cogitatione
1299 711 1340 776 ad

169 824 311 887 eventum
335 821 522 903 perduceret.
569 821 718 901 Tempora
752 820 862 898 omnia,
898 838 974 900 quae
1003 819 1108 884 futura
1130 819 1281 884 habentur
1305 819 1337 883 in

172 927 448 1009 comparationibus
471 927 584 1009 partim
607 926 812 1009 conjunctivos
836 926 920 1009 (nam

170 1034 208 1098 Il.
239 1035 346 1099 0381
373 1053 417 1114 sq.
446 1033 489 1106 ὥς
515 1056 546 1095 τε
572 1032 652 1117 μέγα
681 1036 756 1116 κῦφιοι
785 1030 943 1119 θαλάσσης
971 1031 1151 1116 εὐρυπόροιο

303 1139 374 1227 νήὸς
394 1140 469 1224 ὑπὲρ
490 1140 597 1227 τοίχων
619 1139 1019 1225 καταβήσεται,οοαέθῐ

169 1266 239 1310 cum
268 1247 291 1306 O
315 1249 388 1321 624,
413 1246 445 1309 έν
469 1243 589 1322 θ”έπεσ’,
614 1245 663 1318 ὥς
683 1247 746 1308 ὅτε
769 1249 846 1328 κῦμα
868 1243 930 1332 θοή
952 1245 984 1307 έν
1004 1245 1050 1332 νήὶ
1072 1243 1248 1330 πέσήσιν)

166 1353 280 1434 partim
321 1352 487 1434 praesentis
528 1351 748 1435 significatione
786 1352 909 1436 ejusque
946 1350 1150 1433 permanentis
1188 1349 1337 1432 putentur

167 1477 289 1523 necesse
313 1460 368 1523 est.

256 1688 295 1772 st)
328 1689 523 1751 Futurum
552 1690 589 1750 ia
619 1689 962 1752 enuntiationibus
991 1687 1248 1773 eapticctioio

523 1834 602 1874 cum
631 1812 981 1897 conjunctionibus.

629 1952 687 2028 ἵνα,
711 1953 762 2026 ὡς,
787 1953 876 2026 ὅπως.

255 2132 407 2195 Futurum
430 2131 477 2195 his
502 2128 762 2213 conjunctionibus
785 2129 817 2193 in
832 2129 997 2194 enuntiatis
1013 2129 1155 2194 finalibus
1171 2128 1338 2193 consociari

166 2256 225 2301 non
249 2256 336 2318 posse
363 2237 428 2320 jam
460 2256 551 2320 supra
580 2235 862 2301 demonstravimus.
910 2234 1133 2320 conjunctionis
1156 2236 1203 2299 ἵνα
1228 2255 1253 2300 c.
1278 2235 1336 2300 fut.

166 2362 261 2407 unum
284 2344 405 2407 tantum
429 2344 527 2407 exstat
551 2343 744 2424 exemplum:

169 2472 186 2510 τ
209 2453 261 2525 20,
286 2453 336 2513 νῦν
360 2447 486 2512 θ’ἐθέλιο
510 2447 708 2523 καταθέσθαι,
731 2448 765 2511 ἵν’
790 2447 826 2512 oo’
849 2449 944 2534 πυρὸς
963 2447 1029 2518 ἵξετ’
1053 2449 1161 2536 ἀϋτμή.

255 2555 287 2621 Si
304 2556 370 2639 jam
394 2576 428 2621 ex
457 2558 523 2621 toto
554 2555 772 2621 sententiarum
802 2575 934 2620 connexu
963 2554 1046 2619 notio
1076 2554 1175 2618 finalis
1210 2554 1336 2619 evadere

165 2662 250 2726 nullo
279 2663 369 2726 modo
400 2664 520 2745 potest,
553 2682 587 2726 ex
618 2662 778 2746 negatione
802 2662 837 2725 od
861 2662 1003 2746 adjuncta
1033 2663 1163 2726 formam
1186 2660 1251 2731 ἵξετ’
1276 2661 1335 2744 οἱα

166 2769 306 2833 futurum
329 2788 393 2832 esse
416 2788 475 2832 non
498 2787 585 2850 posse
609 2769 743 2850 apparet.

254 2875 300 2938 De
323 2876 373 2947 ὡς,
398 2876 481 2947 ὅπως
502 2894 526 2938 c.
551 2875 608 2938 fut.
634 2875 670 2938 cf.
696 2873 904 2940 collectionem
928 2875 1142 2956 exemplorum.

168 2981 187 3042 Ι
207 2982 268 3046 251
294 2981 423 3066 φράζεο,
448 2982 531 3054 ὅπως
551 2979 711 3067 ἀλεξήσεις,

168 3087 197 3147 Ρ
219 3088 443 3172 144,,φφα’ζεο,
467 3088 550 3160 ὅπως
571 3088 699 3160 σαώσεις

60 3212 63 3217 ·
163 3192 195 3255 in
218 3212 309 3257 usum
332 3192 429 3256 futuri
451 3212 509 3256 non
529 3193 659 3271 vocabis,
685 3212 779 3275 quum
811 3196 851 3259 37
856 3197 885 3268 6,
910 3194 1038 3279 φράζεο,
1064 3194 1335 3281 ὅπωςμνήοιήφσιν

168 3335 209 3346 -—
228 3302 340 3386 χεῖρας
366 3298 494 3385 ἐφήσεις,
518 3300 648 3363 formam
671 3298 794 3387 ἐφήσεις
814 3300 1039 3384 conjunctivum
1063 3319 1126 3364 esse
1153 3299 1334 3382 Savelsberg

164 3405 397 3470 demonstraret.
413 3405 434 3488 ¹)

252 3512 287 3574 In
311 3511 476 3576 enuntiatis
500 3531 570 3575 cum
605 3512 864 3597 conjunctionibus
888 3514 984 3589 ὅπως,
1010 3512 1273 3594 dependentibus
1297 3531 1333 3576 ex

163 3619 253 3681 verbo
285 3617 470 3681 deliberandi
500 3618 635 3703 φράζειν,
659 3623 773 3704 πειρᾶν,
792 3623 878 3706 μῆτιν
901 3618 1035 3704 ὑφαίνειν
1058 3618 1218 3696 similibus,
1252 3619 1333 3683 color

164 3723 291 3805 quidam
313 3723 549 3806 interrogaturus
571 3723 680 3788 infixus
710 3724 845 3800 videtur;
881 3744 976 3807 quum
1010 3727 1114 3790 autom
1148 3725 1334 3807 pronominis

255 3952 273 4017 ¹)
294 3950 469 4020 daremberg,
496 3950 539 4006 die
568 3951 667 4005 aoriste
695 3954 745 4006 etc.
774 3968 800 4019 p.
829 3952 889 4006 509.
904 3993 909 4005 .
925 3994 951 4006 ..
971 3953 1026 4006 Der
1055 3953 1216 4022 Conjunctiv
1244 3954 1334 4006 ἀνέσει

163 4043 182 4074 σ
199 4021 250 4076 265
269 4022 307 4075 ist
325 4023 426 4091 richtig
454 4022 629 4092 geschrioben
654 4022 708 4076 und
727 4022 764 4076 ist
782 4022 935 4091 begriindet
954 4024 1002 4077 aui
1019 4024 1065 4078 der
1083 4024 1252 4078 lebhalteren
1270 4023 1328 4078 An-

163 4094 275 4161 sprache
295 4094 335 4146 als
355 4094 518 4147 entstandon
539 4112 586 4148 aus
606 4095 709 4147 ἀνέσεσι
729 4097 826 4161 (urspr.
847 4097 967 4160 ἀνέσετι.)
988 4111 1013 4162 p.
1034 4095 1094 4149 508.
1133 4098 1189 4150 Das
1208 4095 1257 4149 fut.
1280 4112 1332 4149 von

162 4166 215 4235 ἴήμι
234 4164 288 4217 und
307 4164 398 4218 seinen
424 4182 538 4233 cornpos.
559 4165 645 4218 heisst
663 4165 758 4218 immor
775 4166 841 4235 ήσιο.
861 4197 894 4205 -
915 4167 995 4219 Tales
1006 4166 1168 4235 conjunctivi
1188 4167 1215 4219 in
1234 4186 1272 4226 εις
1288 4168 1332 4222 vel

163 4255 220 4288 -ει
240 4235 392 4288 desinentes
412 4237 571 4290 exstantia
592 4237 751 4305 Odyssea
770 4256 787 4288 οι
805 4238 837 4288 41
859 4238 960 4307 ήβήσει.
981 4268 1013 4277 -
1033 4240 1053 4290 θ
1072 4239 1124 4292 318
1143 4239 1284 4291 ἀποδώσει.
1299 4269 1331 4278 -

163 4325 178 4359 ο
198 4308 249 4358 524
269 4307 426 4376 τελευτήσει.
448 4340 479 4345 -
501 4328 520 4360 π
536 4310 585 4360 261
608 4308 720 4377 ἀρκέσει.
741 4339 773 4346 -
794 4327 813 4359 π
829 4308 864 4361 82
883 4310 968 4379 θήσει.

250 4376 284 4430 in
304 4377 419 4430 Iliade
439 4377 462 4429 B
481 4380 539 4441 147,
559 4380 618 4433 395.
642 4377 741 4441 11269,
762 4379 821 4432 298.
840 4381 943 4450 κινήσει.
958 4411 989 4419 -
1015 4380 1103 4434 0359
1123 4381 1187 4450 ἥσει.
1202 4411 1234 4419 -
1249 4401 1261 4432 ν
1279 4380 1332 4434 375

163 4450 277 4517 ἐφήσεις.
302 4477 330 4486 -
352 4445 427 4501 1190
446 4450 545 4518 θήσεις.
