2992 4988
787 304 805 367 6

212 497 340 580 singulis
375 498 557 578 quibusdam
592 497 860 580 conjunctionibus,
896 515 973 578 quae
1009 496 1050 560 sit
1081 496 1163 560 notio
1185 494 1373 578 primigenia,

210 603 287 667 nihil
310 603 385 667 certi
408 603 535 680 constat,
559 603 608 668 vel
631 602 667 666 de
690 602 819 685 singulis
843 602 942 667 adhuc
965 603 1021 666 snb
1041 601 1143 684 judice
1166 601 1204 665 lis
1228 600 1284 667 est.

300 709 372 774 Jam
395 709 434 772 ad
457 728 547 773 usum
571 708 754 791 conjunctivi
782 710 814 772 et
841 708 938 772 futuri
970 707 1051 790 apud
1072 707 1242 773 Homerum
1264 706 1375 771 deseri·

211 815 344 880 bendum
367 815 589 898 aggrediamur.

635 989 952 1007 ΛΜΛΛΑΛΛΛΛΛΛΛΛΛΛΛΙ

775 1152 812 1217 A·
862 1166 867 1173 .

213 1292 465 1396 Oonjnnctivns
500 1297 536 1372 et
566 1295 729 1372 futurum
764 1295 802 1372 in
839 1293 1159 1373 enuntiationibus·
1181 1292 1376 1393 primariis.

784 1454 808 1516 1.

486 1574 693 1659 collotenus
718 1576 745 1642 n
769 1576 928 1643 cannono
952 1558 1106 1657 peinana.

306 1770 497 1853 Oonjunctivi
519 1770 551 1835 et
573 1770 669 1834 futuri
691 1769 847 1835 Homerici
869 1771 982 1835 formae
1005 1771 1084 1835 inter·
1106 1771 1270 1851 utrumque
1284 1786 1382 1853 genus

216 1876 470 1953 enuntiationum,
506 1876 670 1958 principale
704 1877 735 1940 et
769 1875 991 1955 secundarium,
1025 1877 1071 1940 ita
1105 1875 1267 1959 dispositae
1298 1876 1380 1953 sunt,

215 1985 251 2047 ut
273 2000 423 2065 perpauca
446 1981 627 2064 conjunctivi
655 1982 686 2045 in
718 1983 974 2047 enuntiationibus
1005 1982 1223 2064 principalibus
1246 1980 1384 2064 exempla

216 2089 310 2171 (quod
332 2106 492 2152 numerum
515 2087 639 2173 attinet)
663 2088 724 2152 fere
746 2088 831 2169 paria
855 2088 916 2153 sint
939 2088 1082 2169 exemplis
1114 2087 1210 2151 futuri
1232 2088 1263 2151 in
1286 2106 1383 2152 enun-

216 2194 393 2259 tiationibus
430 2193 675 2274 dependentibus.
722 2195 767 2258 Ex
800 2195 857 2258 hac
892 2193 1154 2277 argumentatione
1188 2213 1225 2258 ne
1257 2193 1326 2275 quis
1355 2193 1385 2257 si

217 2300 395 2378 considerat,
412 2300 569 2364 enuntiata
584 2301 762 2382 principalia
777 2301 860 2383 prius
872 2301 1048 2382 profiuxisse
1065 2319 1157 2382 quam
1173 2298 1383 2381 dependentia,

217 2406 253 2470 de
276 2406 373 2488 priore
395 2405 490 2470 futuri
514 2410 605 2488 quam
629 2406 810 2490 conjunctivi
842 2407 1046 2489 conjecturam
1076 2407 1169 2469 faciat
1198 2405 1322 2488 origine,
1346 2406 1386 2469 ut

217 2532 241 2576 e.
267 2531 296 2595 g.
324 2511 440 2590 „Aliam
465 2511 647 2595 Grundziige
682 2513 734 2576 der
764 2512 860 2577 Lehre
893 2532 963 2577 vom
994 2513 1127 2594 Tempus
1158 2512 1219 2576 und
1249 2510 1383 2575 Modus“

218 2619 442 2702 conjunctivum
464 2637 483 2682 a
505 2618 607 2683 futuro
632 2619 830 2683 derivandum
846 2637 911 2683 esse
927 2620 1036 2683 censet.
1084 2618 1214 2701 Operam
1236 2618 1267 2683 et
1282 2617 1386 2682 oleum
1489 2684 1492 2691 ,

217 2724 293 2787 mihi
315 2724 479 2805 perdidisse
501 2723 630 2788 videtur.
678 2724 748 2788 Nisi
772 2725 899 2805 denique
921 2711 1049 2789 fortasse
1073 2724 1139 2789 tota
1162 2724 1236 2788 haec
1251 2722 1288 2787 de
1303 2723 1387 2787 tem-

217 2849 325 2913 porum
357 2831 388 2893 et
418 2830 578 2894 modorum
608 2830 723 2912 origine
754 2830 933 2912 disceptatio
963 2830 1133 2894 omittenda
1160 2831 1232 2908 erit,
1259 2829 1325 2912 jam
1348 2847 1388 2892 ex

218 2936 423 3019 psychologia‚
447 2936 483 2999 ut
507 2955 524 2998 a
548 2936 655 3002 ceteris
689 2936 829 3000 recedam
862 2937 1060 3020 argumentis,
1090 2936 1180 3019 hujus
1204 2933 1387 3018 cognitionis

219 3042 337 3124 capitur
375 3041 599 3106 documentum.
657 3043 740 3106 Nam
778 3043 1057 3126 conjunctivus
1096 3062 1181 3106 cum
1219 3040 1388 3106 volendi

219 3167 286 3213 sua
320 3147 478 3212 notione
512 3147 622 3212 alludit
651 3148 791 3226 tantum,
822 3150 858 3212 ut
887 3149 932 3213 ita
962 3149 1078 3226 dicam,
1109 3147 1239 3230 tempori
1268 3147 1386 3225 futuro,

222 3253 294 3336 qnid
317 3254 398 3318 oerto
421 3253 600 3318 eventurum
622 3253 670 3333 sit
697 3253 891 3336 significanti.

307 3359 471 3441 Duplioem
494 3360 682 3443 conjunctivo
705 3360 860 3425 notionem
889 3360 1042 3425 inhaerere
1066 3360 1197 3425 dilucide
1221 3358 1389 3424 ostendunt

149 3486 152 3490 ’
219 3468 250 3530 et
273 3466 434 3530 hortantur
456 3467 630 3548 negationes
654 3467 843 3550 conjunctivo
867 3467 982 3544 affixae,
1003 3468 1046 3552 μή
1062 3468 1100 3530 ὀῖ
1123 3467 1168 3528 od.

308 3572 350 3634 od
372 3573 465 3654 negat
487 3572 540 3650 ita,
564 3575 601 3637 ut
623 3572 753 3637 duarum
768 3572 1009 3637 enuntiationum
1025 3573 1131 3637 eadem
1154 3571 1388 3654 significatione,

221 3696 350 3760 quarum
372 3678 471 3742 altera
494 3678 678 3742 affirmativa
694 3678 749 3756 est,
775 3679 872 3742 altera
888 3678 1009 3765 eumad
1024 3678 1175 3761 negativa,
1192 3676 1390 3742 enuntiatum

221 3783 270 3848 oui
293 3783 329 3845 cd
353 3783 530 3866 adjunctum
554 3785 611 3862 est,
636 3783 954 3849 contradictorie
977 3784 1149 3865 oppositum
1173 3784 1213 3848 sit
1228 3782 1390 3848 enuntiato

220 3889 411 3953 affirmativo.

309 3993 421 4060 Oontra
438 3997 490 4083 μή
513 4015 571 4060 non
599 3996 657 4060 nisi
688 3996 894 4074 voluntatem,
920 3995 1078 4060 consilium
1113 3996 1252 4078 spectans
1282 3996 1390 4077 negat,

221 4102 265 4165 ita
288 4102 323 4165 ut
346 4102 512 4167 enuntiatio
536 4121 606 4166 cum
624 4102 668 4188 μή
690 4102 850 4185 negatione
872 4102 962 4166 alteri
984 4102 1139 4167 enuntiato
1163 4101 1269 4165 eadem
1291 4101 1391 4183 signi-

220 4206 369 4284 ficatione,
394 4209 447 4271 sed
470 4208 661 4285 affirmativa,
686 4209 882 4291 contrarie
906 4209 1044 4290 opposita
1060 4209 1109 4273 sit.
1157 4209 1240 4272 Haeo
1264 4208 1392 4290 negatio

220 4313 317 4396 igitur
340 4333 399 4377 non
421 4314 530 4391 solum,
565 4314 681 4396 aliquid
703 4333 762 4378 non
786 4333 859 4392 esse,
894 4314 1017 4393 indicat,
1053 4314 1106 4378 sed
1137 4313 1230 4378 etiarn
1260 4312 1392 4394 positivi

224 4419 340 4501 aliquid
363 4419 488 4505 infigere
512 4420 648 4495 videtur;
668 4421 712 4506 μή
735 4442 770 4482 σε
792 4420 901 4508 κιχείω.
