2992 4988
736 333 776 394 27

175 525 274 590 catino
304 523 472 607 praesentis
502 524 581 589 hanc
610 525 740 589 formam
767 526 890 608 propter
919 543 1041 589 sensum
1072 523 1125 605 qui
1147 523 1219 587 -illis
1242 521 1342 586 verbis

175 630 263 710 inest,
287 630 384 714 accipi
406 631 523 715 nequit)
547 650 600 714 pro
623 631 785 716 πτολεμίζω
808 633 995 697 substituam
1018 629 1189 714 πτολεμίξω,
1213 629 1251 694 cf.

176 739 201 799 Α
224 739 298 814 294,
320 733 359 799 3H
375 738 432 823 γιζο
455 761 505 800 κεν
527 736 624 810 deltos
644 761 675 801 τε
698 739 746 801 καὶ
768 737 922 811 οῦτιὸανὸς
941 737 1107 824 καλεοίμην,

307 845 335 907 εἶ
357 844 396 930 δή
419 867 467 906 σοι
489 843 547 907 πὰν
571 841 659 928 ἔργον
682 843 835 928 ὑπείξομαι
857 845 889 908 et

176 947 204 1011 Ω
225 951 279 1027 57,
302 947 350 1037 εἴη
373 972 422 1013 κεν
445 950 493 1013 καὶ
515 952 600 1012 τοῦτο
623 949 690 1013 τεὸν
713 947 790 1023 ἔπος.

308 1057 335 1119 εἷ
357 1055 396 1143 δὴ
419 1057 494 1142 ὁμὴν
517 1056 618 1147 Ἀχιλῆι
640 1058 688 1119 καὶ
706 1051 818 1141 Ἕκτορι
842 1055 951 1143 θήσετε
974 1056 1063 1143 τιμήν.

262 1163 306 1228 Ut
335 1161 367 1226 in
398 1162 564 1227 enuntiatis
592 1162 795 1245 hypotheticis
826 1162 862 1225 od
892 1162 1083 1245 negationem
1114 1163 1150 1227 ut
1172 1163 1217 1227 ita
1240 1162 1341 1225 dicam

171 1269 368 1352 illegitimam
403 1287 467 1333 esse
499 1268 714 1351 perspeximus,
750 1268 794 1332 ita
824 1268 855 1332 in
878 1268 937 1332 alio
960 1268 1093 1350 quodam
1115 1287 1223 1351 genere
1246 1287 1340 1331 enun-

172 1376 328 1452 tiatorum,
363 1393 440 1457 quae
470 1375 677 1457 conjunctione
699 1376 726 1438 el
747 1374 953 1438 instituuntur
983 1375 1126 1456 sequente
1149 1373 1339 1456 conjunctivo

171 1483 220 1547 rel
241 1482 346 1546 futuro
369 1480 456 1545 nulla
478 1480 539 1544 alia
561 1479 620 1570 nisi
642 1481 699 1545 hac
730 1480 889 1564 negatione
919 1500 994 1563 opus
1029 1480 1095 1559 erit,
1131 1480 1339 1563 conjunctivus

171 1607 242 1672 ergo
265 1606 356 1670 quem
373 1586 597 1670 „objectivum“
615 1586 744 1651 diximus
766 1587 997 1670 intellegendus.
1044 1586 1212 1651 Enuntiata
1233 1586 1339 1668 hujus-

170 1694 254 1759 modi
277 1693 449 1776 exprimunt
472 1693 736 1775 exspectationem,
761 1712 838 1775 quae
861 1692 893 1757 in
915 1694 1046 1757 formam
1069 1693 1221 1775 quandam
1243 1692 1338 1756 inter-

170 1800 341 1884 rogativum
364 1799 487 1863 redacta
510 1801 565 1864 est.
612 1799 748 1864 Verbum
772 1819 806 1863 ex
835 1817 894 1880 quo
925 1799 1123 1883 interrogatio
1152 1798 1262 1882 pendet
1284 1800 1338 1863 aut

170 1907 279 1984 exstat,
305 1905 433 1982 11860,
457 1927 497 1979 τις
517 1905 544 1968 d
567 1904 623 1968 οἷδ’
646 1903 678 1968 εἴ
695 1905 719 1968 κ’
743 1905 866 1992 Ἀχιλεὺς
871 1955 990 1971 ......

170 2013 225 2077 aut
247 2011 486 2096 intellegendum
509 2013 564 2090 est,
589 2030 666 2093 quac
688 2013 844 2077 structura
866 2012 956 2095 longe
978 2011 1179 2076 usitatissima
1194 2012 1335 2076 Homero

171 2119 208 2183 cf.
233 2118 389 2201 Exempla.
436 2118 656 2182 Delbrueckius
679 2117 853 2200 hujusmodi
870 2118 1091 2183 enuntiationes
1115 2118 1336 2200 ..posteriores

169 2225 313 2307 appellat.
361 2224 420 2288 Sed
458 2242 514 2307 ego
552 2225 627 2288 haee
657 2225 816 2289 enuntiata
853 2244 912 2288 non
948 2225 1028 2289 inter
1062 2224 1259 2308 explicativa
1283 2223 1337 2288 sed

170 2331 348 2396 correlative
370 2330 525 2395 referenda
547 2331 666 2410 censui,
691 2331 762 2412 quia
785 2333 850 2396 tarn
873 2332 958 2413 artus
981 2331 1013 2395 in
1035 2331 1171 2414 protasin
1202 2332 1234 2395 et
1264 2349 1336 2413 apo-

169 2437 256 2502 dosin
289 2438 389 2502 exstat
422 2455 585 2515 connexus,
618 2437 740 2519 qualem
769 2438 800 2502 in
832 2438 1028 2503 correlatione
1062 2439 1185 2503 tantum
1219 2437 1336 2502 exstare

166 2542 382 2608 intelleximus.

255 2649 345 2712 ἐπεί
361 2648 381 2732 ¹)
405 2648 469 2713 sine
492 2649 583 2713 dubio
607 2669 641 2713 ex
665 2649 715 2714 ἐπί
735 2651 766 2714 et
789 2652 816 2713 εἰ
838 2650 1025 2733 profectum3
1050 2649 1097 2713 ἐπὶ
1120 2649 1336 2715 correlativum

166 2757 213 2820 est
235 2756 402 2838 temporale
425 2756 643 2839 conjunctionis
666 2758 703 2834 εἰ,
727 2775 804 2839 quae
820 2757 949 2840 genuino
972 2756 1149 2839 temporalis
1172 2757 1247 2833 erat,
1271 2756 1335 2818 ἐπεὶ

165 2861 246 2925 εἶδεν
268 2859 346 2943 ἔγνω
361 2889 402 2918 =
419 2863 447 2925 ei
468 2861 548 2925 εἶδεν
571 2862 620 2925 ἐπί
641 2861 726 2945 ἔγνω.
771 2862 886 2928 Similis
908 2883 983 2928 usus
1005 2863 1154 2945 reperitur
1175 2862 1207 2927 in
1229 2862 1334 2944 lingua

164 2969 262 3032 latina
284 2968 529 3052 conjunctionum
552 2969 729 3052 priusquam
752 2971 945 3053 simulatque.

253 3076 322 3140 Hac
349 3077 470 3140 notione
493 3076 653 3158 temporali
677 3076 708 3140 in
731 3077 896 3142 enuntiatis
919 3077 1104 3142 correlativis
1132 3075 1334 3140 usitatissima

164 3183 213 3246 est
247 3182 418 3265 conjunctio
452 3183 596 3264 sequente
634 3184 823 3266 conjunctivo
860 3184 981 3250 notione
1010 3185 1224 3266 ..postquam
1255 3181 1334 3246 unde

163 3289 371 3352 Buttmannus
393 3286 446 3352 Gr.
464 3287 517 3352 Gr.
535 3294 552 3365 ἓ
571 3290 631 3353 139
654 3308 683 3353 n.
704 3292 754 3367 16,
778 3290 1002 3374 conjunctivum
1025 3289 1129 3354 aoristi
1152 3308 1205 3370 pro
1228 3289 1333 3353 tuturo

164 3396 269 3458 exacto
300 3393 473 3457 adhibitum
504 3413 568 3459 esse
597 3396 767 3473 contendit,
792 3415 869 3478 quae
891 3396 1097 3478 praesumtive
1119 3394 1216 3459 futuri
1238 3393 1331 3470 notio,

164 3519 260 3581 quum
293 3518 311 3563 a
345 3499 524 3582 primigenia
562 3501 745 3584 conjunctivi
781 3502 1002 3586 significatione
1039 3502 1129 3584 plane
1159 3501 1330 3577 abhorreat,

162 3603 385 3688 significatione
401 3606 617 3688 conjunctionis
641 3608 707 3670 ἐπεί
728 3608 852 3672 demum
872 3609 905 3672 in
927 3609 1005 3672 hanc
1028 3609 1158 3672 formam
1180 3607 1331 3671 translata

163 3712 219 3775 est
263 3712 308 3775 Ex
341 3711 521 3795 primigenia
554 3714 716 3795 temporali
745 3715 834 3780 facile
864 3713 1022 3779 causativa
1050 3714 1199 3796 proficisci
1228 3713 1331 3795 potuit

162 3817 254 3894 notio,
278 3817 381 3899 quain
392 3818 558 3882 enuntiatis
570 3819 756 3902 explicatius
767 3823 917 3905 reperitur
929 3821 1108 3905 conjunctio,
1133 3820 1329 3903 „quoniam.“

251 3923 338 4007 πρίν
351 3950 392 3980 =
411 3925 508 4008 πάρος
529 3924 601 4008 (slrt.
626 3931 699 4009 paro
723 3929 786 3993 sive
805 3932 888 4010 para,
912 3929 966 3993 lat.
992 3929 1076 4010 prins
1099 3947 1195 4011 germ.
1214 3927 1327 3991 frithcr.

161 4029 237 4094 slav.
262 4029 378 4113 przdd).

163 4133 656 4213 Π628,....οὸτοι......’.
671 4190 922 4206 ............

295 4245 400 4327 νεκροῦ
423 4245 596 4330 κωρῆσονσι
618 4249 739 4332 πάρος
760 4249 820 4311 τινὰ
844 4254 913 4330 γαῖα
936 4247 1064 4319 καθέξει.

253 4473 272 4537 ²)
292 4469 416 4535 Curtius,
441 4470 559 4526 Grundz.
583 4472 631 4526 der
654 4474 741 4544 Etym.
768 4492 793 4544 p.
814 4479 873 4531 366.
912 4479 1129 4547 Erlduterungen
1148 4482 1199 4533 etc.
1220 4493 1245 4546 p.
1269 4480 1326 4533 191.
