2992 4988
730 286 768 347 21

645 373 857 383 ——-——-—-

168 482 335 546 Homerum
358 500 527 562 numquam
556 481 749 562 repetantur,
852 564 854 571 Ι

307 588 357 651 Od.
381 613 400 671 γ
420 590 474 662 78,
494 586 590 652 ..ἵνα
609 610 659 670 μιν
681 588 749 671 περὶ
773 584 885 670 πατρὸς
906 583 1111 670 ἀποιχομένοιο
1135 581 1237 668 ἔροιτο
1287 663 1290 668 .

421 693 483 780 (ἠδ’
508 691 555 755 ἵνα
574 716 622 777 μιν
645 691 730 765 κλέος
747 739 932 755 .........
951 687 1078 776 ἔχῃσιν),

168 800 220 882 qui
242 820 346 882 versus
376 800 408 863 in
438 799 561 880 optimis
598 797 751 862 codicibus
782 797 880 873 deest,
916 796 948 859 in
984 795 1113 859 Vindob.
1139 797 1170 859 et
1192 797 1278 860 Harl.
1303 793 1355 861 in'

168 907 304 990 margine
338 908 460 971 tantum
495 904 665 986 adscriptus
700 904 731 967 et
764 903 796 966 in
830 902 969 966 omnibus
1004 903 1074 966 ante
1112 900 1152 965 H.
1189 901 1333 984 Stephani

167 1013 359 1091 editionibus,
383 1013 507 1094 excepta
529 1012 675 1087 Romana,
700 1009 812 1092 frustra
835 1007 1000 1089 quaeritur,
1024 1027 1173 1089 quemque
1197 1028 1231 1072 ex
1255 1034 1274 1070 ο
1292 1012 1332 1073 95

168 1121 198 1183 in
222 1121 302 1182 hunc
325 1119 427 1182 locum
450 1116 605 1199 irrepsisse
635 1114 784 1182 Davesius
814 1114 846 1178 in
876 1113 996 1177 Miscell
1026 1114 1094 1179 crit.
1119 1135 1148 1195 p.
1175 1118 1193 1178 9
1217 1117 1334 1197 primns

168 1226 348 1303 observavit,
374 1226 456 1289 recte
479 1244 497 1287 a
519 1222 655 1289 Bellero
679 1241 694 1285 e
717 1222 803 1285 textu
826 1221 966 1285 sublatus
990 1222 1046 1284 est.

256 1331 501 1414 Comparationes
525 1348 643 1412 quoque
665 1327 843 1393 Homericos
866 1327 945 1415 inter
968 1326 1125 1393 enuntiate
1155 1328 1335 1410 explieativa

157 1438 353 1520 'recipiendas
388 1456 452 1502 esse
486 1455 608 1514 censeo,
633 1455 729 1518 quum
757 1452 816 1498 non
846 1436 912 1498 tam
936 1435 1020 1498 artus
1042 1432 1121 1497 inter
1143 1435 1279 1515 protasin
1303 1439 1334 1499 et

168 1545 312 1626 epodosin
335 1544 375 1609 sit
399 1551 547 1608 connexus
570 1543 606 1606 ut
629 1560 654 1606 e.
679 1561 708 1624 g.
733 1541 764 1603 in
787 1531 952 1604 enuntiatis
977 1539 1178 1621 hypotheticis
1201 1542 1233 1626 et
1255 1543 1334 1605 tem-

168 1651 341 1732 poralibus;
376 1649 494 1713 lumina
527 1650 599 1714 sunt
634 1647 795 1727 orationis,
828 1665 905 1728 quae
939 1646 1104 1710 sententias
1138 1646 1294 1711 illustrent
1313 1650 1332 1731 ¹)

166 1759 221 1820 aut
259 1756 451 1821 dilucidiores
489 1774 539 1818 eas
573 1754 718 1832 reddant,
748 1754 906 1836 multaque
940 1754 972 1816 in
1005 1753 1043 1816 iis
1077 1753 1245 1836 explicandi
1280 1756 1334 1818 aut
1367 1781 1370 1785 ·

167 1863 291 1927 ornandi
315 1868 409 1927 causa
428 1861 532 1926 addita
554 1861 635 1926 sunt.

255 1968 343 2048 Quod
365 1971 538 2050 temporum
561 1967 779 2049 modorumque
810 1969 840 2030 in
864 1967 1139 2049 comparationibus
1162 1967 1332 2033 Homericis

166 2075 277 2148 attinet
311 2095 411 2154 nsum,
447 2093 599 2140 summam
633 2074 691 2138 viri
725 2074 894 2138 doctissimi
916 2073 987 2137 huic
1011 2075 1186 2156 explicando
1210 2093 1332 2157 operam

165 2183 330 2261 naverunt,
356 2182 407 2246 sed
431 2182 517 2245 nulla
540 2182 623 2245 certa
646 2164 831 2264 dijudicandi
859 2182 931 2245 nota
954 2181 985 2244 et
1008 2181 1190 2244 assentiendi
1213 2181 1329 2246 relicta.

165 2289 314 2372 Equidem
336 2289 458 2371 poetam
480 2288 510 2351 in
534 2288 640 2352 eadem
656 2305 783 2360 renunc
802 2287 1001 2350 indicativum
1014 2306 1093 2350 nunc
1105 2287 1330 2369 conjunctivum

62 2416 64 2420 ⁴
166 2415 218 2479 pro
242 2414 296 2460 sno
320 2395 445 2459 arbitrio
469 2413 639 2476 usurpasse,
664 2394 695 2456 in
719 2393 814 2475 iisque
838 2393 947 2475 quibus
972 2394 1052 2457 certe
1068 2393 1330 2476 agnoscitur·con-
1425 2469 1427 2473 y

161 2502 317 2587 junctinus
340 2501 414 2565 locis
437 2502 518 2566 hunc
546 2501 671 2564 modurn
689 2499 818 2582 probari,
844 2499 1020 2582 (Delbriick,
1046 2499 1131 2577 „eine
1151 2495 1332 2584 'Forderung

165 2629 203 2672 an
227 2609 274 2672 die
297 2607 474 2691 Fantasie“)
507 2610 605 2672 certes
635 2607 734 2690 leges,
760 2625 834 2688 ques
852 2605 978 2670 ‘omnino
1001 2606 1032 2669 in
1056 2606 1330 2688 comparationibus

165 2715 330 2779 servaverit
364 2715 470 2796 poeta,
501 2714 625 2777 adhuc
664 2713 787 2795 quidem
826 2711 977 2797 constitui¹
1004 2731 1063 2776 non
1096 2731 1183 2793 posse
1215 2731 1329 2778 censeo.

167 2821 302 2911 Ulterius
326 2821 466 2904 progredi
489 2839 613 2902 nequeo,
637 2819 781 2883 hariolari
804 2819 913 2884 nescio.

256 2929 408 2992 Futurum
432 2928 554 2992 tantum
570 2927 601 2990 in
625 2926 899 3008 comparationibus
915 2927 952 2990 ab
968 2927 1094 2991 Homeri
1109 2947 1167 2991 usn
1189 2927 1332 3009 loquendi
1367 2965 1368 2970 κ

164 3036 253 3117 plane
270 3034 428 3098 abhorrere
444 3052 590 3098 censeam.
616 3033 675 3098 Sed
698 3033 724 3097 si
746 3033 941 3097 Hermannus
965 3034 1081 3097 eamob
1094 3035 1331 3099 causamfuturo

164 3142 265 3204 locum
287 3140 319 3203 in
343 3139 617 3221 comparationibus
639 3139 788 3204 vindicari
809 3158 869 3204 non
891 3158 977 3221 posse
1000 3140 1163 3218 contendit,
1188 3142 1331 3224 quoniam

164 3248 303 3311 futurum
341 3246 414 3328 quid
452 3246 493 3310 sit
530 3246 666 3310 nondum
696 3246 924 3328 cognoverimus
938 3246 964 3329 2)
999 3248 1030 3310 et
1067 3246 1276 3312 Hermannur'n
1300 3251 1331 3313 et
1366 3301 1368 3308 .

165 3353 367 3418 Scholiastam
393 3344 512 3416 >errasse
543 3353 647 3430 credo,
680 3351 899 3421 Scholiastem,
924 3351 995 3432 quia
1017 3351 1048 3414 in
1071 3354 1223 3418 nonnullis
1247 3375 1329 3419 com-

163 3460 370 3541 parationibus
401 3477 448 3523 res
476 3477 553 3541 quae
588 3457 910 3542 ,,γινωσιομε’να“
945 3476 1029 3522 esse
1060 3478 1134 3523 non
1164 3464 1329 3543 possunt

105 3626 108 3632 .
164 3566 362 3647 reperiuntur,
386 3565 606 3643 Hermannum,
631 3564 702 3646 quie
725 3582 792 3628 eam
814 3564 913 3645 ipsam
929 3564 967 3628 ob
984 3582 1117 3644 causam,
1142 3567 1222 3648 quod
1246 3587 1329 3633 com-

163 3671 333 3753 parationes
356 3672 432 3735 nihil
444 3671 528 3735 aliud
551 3673 632 3749 sunt,
657 3688 750 3753 quam
772 3669 919 3754 imagines
944 3670 1125 3754 cogitatione
1148 3673 1246 3752 fictae,
1271 3661 1343 3754 ress

164 3777 294 3858 quaein
317 3777 572 3869 comparationem
583 3778 739 3855 vocantur,
764 3796 799 3841 ex
814 3778 949 3859 tempore
965 3779 1137 3859 praeterito,
1161 3785 1327 3862 praesente,

163 3883 264 3947 futuro
288 3883 403 3947 assumi
424 3884 598 3965 potuerunt.
645 3885 690 3948 Ea
712 3883 808 3968 igitur
831 3903 923 3966 quam
938 3883 1131 3950 Hermennus
1147 3886 1178 3949 in
1193 3887 1328 3952 medinm

162 3989 291 4070 protulit
314 4007 406 4054 causa
429 4007 492 4054 esse
515 4008 574 4055 non
596 3991 714 4072 potest,
739 4009 816 4072 quae
838 3991 976 4055 futurum
999 3991 1031 4054 in
1054 3994 1327 4074 comparationibus

252 4218 271 4283 ¹)
293 4216 403 4271 Schol.
424 4216 500 4270 Ven.
515 4216 555 4270 ad
567 4218 601 4272 11.
619 4216 640 4272 A
659 4218 711 4272 548
731 4219 820 4283 οἱμὲν
840 4219 1001 4288 superficiei
1019 4223 1096 4289 τριῶν
1114 4220 1190 4273 ἕνεκα
1203 4224 1327 4291 γένωνται,

162 4289 305 4359 αὐξήσεως,
325 4289 466 4357 ἐνεργείας,
486 4307 542 4356 σσφ
562 4290 636 4350 νείσς.

250 4361 271 4425 ²)
291 4358 402 4412 Schol.
423 4359 500 4412 Veu.
520 4309 560 4412 σέ
578 4359 611 4414 ll.
633 4357 658 4411 ΙΙ
673 4361 733 4423 364,
754 4364 768 4414 d
788 4361 839 4432 γὰρ
853 4357 964 4435 Ὅμηρος
987 4363 1038 4415 ἀπὸ
1063 4366 1114 4416 τῶν
1134 4366 1326 4433 γινωσκομένων

162 4435 223 4483 πᾶσι
241 4433 349 4485 ποιεῖται
369 4431 417 4493 τὰς
434 4431 576 4497 ὁμοιώσεις.
