2992 4988
725 309 744 371 5

287 503 454 567 Enuntiata
478 502 629 567 cernimus

241 608 399 690 1).quae,
434 609 470 672 ut
511 607 555 672 ita
596 608 712 685 dicam,
754 626 813 671 non
852 607 910 670 nisi
949 608 994 670 ad
1033 606 1317 688 explicandam

150 714 459 778 antecedentem
482 713 804 778 enuntiationem
828 713 994 777 additae
1025 714 1131 788 sunt;
1166 714 1226 776 huc
1249 732 1317 794 per-

150 821 248 884 tinent
271 821 429 886 enuntiata
452 820 579 884 relativa
603 838 672 883 oum
696 821 830 900 tempore
853 819 936 882 modi
959 818 1116 883 indicativi
1140 838 1164 881 e.
1191 837 1220 900 g.

322 926 395 990 οὐδέ
417 947 456 999 τις
484 922 635 1010 Ἀτρεΐδεω
658 924 766 1010 ἕταρον
789 920 894 998 λίπεθ’,
919 921 951 986 οἵ
969 926 996 986 ol
1020 925 1136 988 ἕποντο.Ι

183 1027 187 1037 “
237 1032 403 1097 Euuntiata
441 1032 530 1116 hujus
569 1031 694 1114 generis,
724 1048 841 1111 semper
880 1030 964 1111 sequi
1006 1030 1143 1095 videmus
1178 1032 1316 1096 enuntia-

149 1138 263 1203 tionem
292 1138 507 1221 principalem
546 1138 700 1219 praeterea
729 1135 969 1200 enuntiationum
998 1137 1234 1218 postpositarum
1269 1157 1317 1201 eas

150 1263 276 1327 quoque,
312 1263 388 1326 quac
424 1243 547 1308 consilio
581 1242 741 1307 indicando
775 1241 943 1306 inserviunt
971 1243 1030 1305 huc
1060 1243 1230 1307 referendas
1253 1251 1318 1307 esse

149 1368 243 1432 aeque
267 1350 446 1414 censuimus.
495 1349 575 1414 Nam
593 1346 596 1350 ’
611 1349 688 1413 tales
723 1347 943 1411 enuntiationes
978 1367 1037 1412 non
1066 1349 1125 1413 nisi
1149 1349 1316 1430 explicandi

148 1469 249 1534 causa,
274 1474 350 1537 quae
373 1456 440 1537 quis
464 1456 546 1520 dicat
569 1456 708 1530 faciatve,
734 1453 841 1518 duent
865 1455 919 1518 aut
941 1454 1046 1519 fecerit
1062 1455 1093 1518 in
1110 1455 1316 1519 enuntiatione

148 1562 351 1641 antecedente,
376 1561 535 1645 adjunctas
559 1581 632 1639 esse,
658 1579 753 1645 quum
776 1578 810 1623 eu
826 1578 870 1637 eo,
895 1561 976 1641 quod
1000 1562 1101 1625 omnia
1124 1562 1198 1625 haec
1222 1580 1317 1624 enun-

147 1667 226 1733 tiata
248 1686 301 1750 pro
325 1686 356 1732 se
380 1687 516 1751 quaeque
538 1668 698 1751 perspicua
722 1667 840 1730 suntet
863 1666 994 1730 faciliter
1016 1667 1155 1750 intellegi
1178 1669 1315 1748 possunt,

147 1775 246 1839 tum
237 1774 387 1856 imprimis
410 1793 444 1838 ex
461 1793 495 1840 eo
519 1776 644 1858 apparet
667 1772 747 1856 quod
771 1790 829 1836 uon
853 1790 919 1837 raro
944 1774 1136 1837 enuntiatum
1159 1774 1317 1855 insequens

148 1881 236 1962 plane
259 1899 480 1963 supervacuum
502 1880 632 1958 videtur,

147 1988 254 2066 0311.
294 1987 371 2051 alla
386 2012 438 2073 μοι
461 1986 495 2051 εὖ
525 1985 557 2050 θ’
585 1985 700 2052 ὑπόθευ
722 1991 770 2052 καὶ
794 1990 834 2073 ἅμ
835 1986 1015 2075 ’ἡγεμόν’
1040 1984 1149 2048 ἐσθλὸν
1173 1983 1315 2062 ὄπασσον,

523 2095 618 2168 le'
585 2118 618 2158 κε
635 2118 676 2178 με
699 2096 763 2158 acic
761 2092 931 2180 'nigrim
1309 2116 1311 2123 ·

148 2199 380 2269 enuntiatum
371 2219 530 2283 rusequens
565 2192 771 2283 explicationis
806 2219 897 2265 causa
924 2191 1047 2263 tantum
1069 2198 1154 2263 verbi
1178 2197 1317 2285 ὴγεαγόν’

148 2304 256 2370 ἐσθλόν
279 2306 418 2371 additum
441 2308 523 2385 est,
528 2310 565 2372 ut
589 2307 683 2372 etiam
712 2307 791 2371 illud
813 2306 920 2371 fusiori
941 2304 1083 2388 loquendi
1106 2305 1208 2416 generi
1232 2306 1316 2388 epico

141 2413 332 2492 'conveniens
357 2414 503 2477 νόστον
484 2435 527 2487 ως
553 2437 586 2477 κε
609 2413 716 2502 νέηται.

236 2520 403 2584 Enuntiata
425 2520 515 2603 hujus
539 2519 689 2602 generis,
690 2519 982 2606 ,explicatina“
1008 2518 1139 2581 nomino.

208 2626 317 2690 ¹Huic
339 2626 441 2709 generi
465 2626 613 2691 contrarie
647 2625 801 2708 oppositas
836 2644 900 2689 osse
934 2623 1142 2706 intellegimus
1177 2625 1316 2688 enuntia-

147 2732 253 2811 tiones,
276 2733 308 2796 in
331 2731 451 2815 quibus,

240 2837 273 2922 2)
305 2841 380 2903 tam
412 2839 523 2902 artus
554 2840 709 2921 protascos
731 2838 763 2903 et
786 2837 948 2921 apodosoos
979 2837 1061 2901 valet
1095 2837 1314 2902 sententiarum
1386 2919 1389 2924 ,
1462 2842 1465 2849 ’

147 2963 312 3009 conexus
334 2945 378 3008 ut
401 2945 650 3009 enuntiatum
672 2945 847 3009 alterum
870 2944 1000 3007 altero
1022 2941 1177 3036 dempto
1200 2945 1315 3024 plane

147 3052 398 3133 perspicuum
428 3071 499 3117 non
530 3054 598 3132 sit,
623 3072 753 3135 quorum
776 3053 927 3117 sententia
949 3052 1037 3134 quasi
1066 3053 1234 3134 composita
1264 3069 1315 3115 ex·

148 3157 237 3233 stitit,
263 3159 334 3240 quia
357 3159 482 3224 alterius
513 3160 546 3222 in
574 3159 700 3223 alterius
731 3159 946 3224 enuntiationis
976 3159 1113 3222 membra
1136 3159 1194 3223 nisi
1217 3158 1314 3221 relata

148 3264 276 3346 cogitari
307 3284 365 3329 non
395 3266 531 3347 possunt,
564 3284 691 3346 quorum
721 3265 818 3348 igitur
846 3283 915 3346 pars
944 3264 1102 3346 insequens
1125 3282 1183 3328 non
1207 3282 1312 3346 super·
1406 3307 1408 3311 ψ

147 3387 278 3434 vacanea
315 3370 452 3450 videtur,
492 3377 528 3434 ut
567 3371 671 3449 contra
713 3370 845 3434 vidimus
883 3370 914 3433 in
953 3370 1088 3453 exemplo
1132 3388 1223 3451 supra
1261 3368 1315 3432 ad-

148 3474 260 3559 scripto
284 3479 392 3554 0‚311.
501 3487 503 3491 '

237 3581 307 3646 Huc
337 3584 425 3646 erunt
453 3582 623 3646 referendae
653 3600 727 3664 quas
756 3582 955 3663 temporales,
986 3581 1214 3665 hypotheticas,
1245 3601 1316 3646 con-

148 3688 299 3753 secutinas
334 3688 365 3752 et
397 3688 630 3772 interrogativas
663 3687 826 3752 indirectas
859 3688 1048 3771 appellamus
1083 3688 1313 3752 enuntiationes.

148 3795 193 3858 Ea
227 3795 446 3859 sententiarum
479 3794 511 3858 iu
547 3796 675 3877 utroque
710 3795 866 3859 enuntiato
900 3794 979 3859 inter
1013 3812 1044 3858 se
1080 3776 1269 3859 cohaerentia
1298 3813 1316 3857 a

149 3901 357 3983 grammaticis
373 3902 545 3983 appellatur
560 3900 776 3986 „Oorrelatio“,
785 3907 806 3980 ¹)
819 3920 889 3985 ergo
902 3900 1059 3966 enuntiata
1070 3901 1130 3964 huc
1146 3900 1315 3982 spectantia

152 4009 433 4086 „correlativa“
459 4008 620 4074 nominavi.
668 4007 766 4073 Omtii
787 4008 808 4072 l.
834 4026 860 4072 c.
884 4007 1198 4072 enuncitationumin
1226 4025 1316 4071 accu-

149 4114 272 4191 satinas,
308 4114 462 4191 localium,
498 4114 745 4189 instrumentales
776 4115 807 4179 et
838 4114 986 4179 ablativos
1011 4113 1195 4191 distributio,
1220 4132 1255 4177 ea
1280 4112 1316 4177 de

150 4238 241 4284 causa
264 4222 300 4285 ut
322 4221 415 4285 etiam
437 4221 501 4303 ipse
523 4221 676 4304 intellegit
706 4238 786 4285 nunc
815 4220 936 4303 probari
959 4237 1018 4284 non
1040 4221 1158 4302 potest,
1183 4219 1255 4301 quia
1279 4218 1315 4282 de

242 4449 260 4516 ¹)
281 4446 437 4512 Curtius,
457 4447 675 4516 Erltuterungcn
694 4463 719 4516 p.
743 4450 801 4502 190.
