2992 4988
771 312 813 375 30

215 506 238 568 Δ
262 508 337 582 353,
362 504 461 590 ὄψεαι,
484 504 521 592 ήν
544 502 708 591 έόέλῃσόαι
730 507 778 568 καὶ
800 502 832 568 εἴ
849 502 898 568 κέν
921 526 964 565 τοι
981 466 1021 565 ’τὰ
1040 502 1166 590 μεμήλῃ.

216 614 246 675 Ν
265 613 340 689 288,
363 609 469 697 εἴπερ
493 612 550 697 γάρ
573 634 605 674 κε
626 612 710 694 βλεῖο
733 609 912 684 πονεύμενος
932 610 968 695 ήὲ
992 607 1119 696 τυπείης,

343 717 397 780 oda
418 717 454 781 ὄν
478 716 510 780 ἐν
533 717 633 809 αὐχέν’
659 715 765 781 ὄπισιλε
787 717 871 781 πέσοι
890 716 981 798 βέλος
1001 715 1066 777 oo’d'
1091 715 1133 778 ἐνὶ
1157 716 1253 798 νώτῳ,

344 824 489 888 α’λλόκεν
512 822 531 911 ή
555 823 686 909 στέρνων
709 821 728 910 ή
750 824 859 911 νήὸιιος
878 822 1048 885 ἀντιάσειεν.

264 933 339 1006 321,
363 930 451 1017 ἀνδρὶ
473 930 508 993 δέ
530 930 553 992 κ’
577 929 631 994 οόκ
652 926 739 1001 εἴξειε
757 930 865 1015 μέγας.
880 979 888 994 .
902 979 932 993 ..
952 925 1031 1003 Αἴας,

347 1143 410 1206 οὐδ’
435 1143 472 1207 ὄν
494 1143 612 1232 Ἀχιλλήι
619 1192 805 1208 .........
808 1142 988 1230 χωρήσειεν.

212 1249 243 1312 Ξ
261 1253 335 1326 244,
359 1249 447 1314 ἄλλον
465 1249 522 1336 μέν
544 1274 593 1313 κεν
616 1247 710 1332 έμιογε
719 1298 927 1313 ..........
929 1257 949 1312 ’.
965 1298 971 1312 .
987 1297 1016 1313 ..

339 1359 411 1443 ῥεῖα
433 1357 648 1445 κατευνήσαιμι,
671 1358 720 1420 καὶ
742 1356 779 1420 ὄν
802 1357 942 1440 ποτόμοιο
961 1352 1091 1442 ῥέεόρα.

217 1464 334 1539 Tali,
358 1463 412 1526 οόκ
433 1463 469 1526 ὄν
492 1463 531 1551 δή
554 1487 624 1526 ποτε
648 1461 745 1549 ὄομόν
754 1511 983 1527 ...........

343 1569 487 1657 ’4τρεέόῃς
508 1567 598 1656 ὤρινε
621 1568 788 1655 διαμπερές,
812 1567 886 1632 οόὄέ
907 1592 940 1631 κε
963 1567 1073 1655 κούρῃν

343 1675 413 1763 ἦγεν
437 1677 508 1761 ἐμεῦ
531 1677 674 1750 ἀέκοντος.

206 1784 231 1866 β
254 1786 307 1858 76,
330 1780 362 1847 ει’
374 1783 407 1870 χ’
431 1783 514 1867 ὑμεῖς
534 1807 567 1865 γε
590 1783 722 1868 φάγοιτε,
746 1781 810 1868 τάχ’
835 1779 871 1845 ὄν
895 1804 965 1844 ποτε
988 1783 1036 1844 καὶ
1058 1781 1127 1854 τίσις
1147 1778 1202 1868 εἴῃ.

296 1889 522 1954 Particularum
543 1907 645 1953 usum
680 1907 749 1952 vero
780 1907 839 1951 non
869 1887 900 1951 in
931 1907 1027 1952 unum
1049 1887 1189 1968 idemque
1212 1905 1376 1969 congruere

202 1997 268 2079 jam
291 2014 325 2060 oo
349 1995 429 2077 quod
451 1996 547 2061 altera
563 1995 651 2060 alteri
667 1994 810 2078 adjuncta
824 1994 972 2077 reperitur
987 1996 1018 2058 in
1042 1995 1147 2059 cadem
1170 1993 1375 2057 enuntiatione

206 2101 400 2185 perspicuum
423 2103 479 2166 est.

99 2258 102 2265 .
208 2207 233 2271 A
259 2211 333 2284 202,
357 2203 432 2294 ὄφρ’
457 2208 492 2272 ὄν
511 2209 632 2294 μένοιεν
648 2209 726 2296 ὄρᾷς
746 2208 949 2293 Ἀγαμέμνονα,

207 2339 224 2379 ε
246 2318 321 2391 361,
346 2313 417 2401 ὄφρ’
441 2315 478 2379 ὄν
495 2316 553 2401 μέν
575 2338 624 2379 κεν
647 2314 768 2402 δούρατ’
792 2315 824 2378 ἐν
848 2314 1016 2402 ἁρμονίῃσιν
1039 2314 1151 2401 ἀρήρῃ,
1271 2370 1273 2374 ,

209 2423 231 2496 ζ
248 2424 323 2497 259,
347 2418 422 2509 ὄφρ’
446 2422 483 2486 ὄν
501 2422 558 2508 μέν
580 2423 603 2485 κ’
627 2420 739 2508 ἀγροὺς
759 2418 839 2506 ἴομεν
862 2422 911 2484 καὶ
933 2419 997 2507 ἔργ’
1019 2418 1200 2505 ἀνθρώπων.

295 2546 379 2626 Quae
413 2547 450 2612 de
484 2546 705 2630 particularum
728 2545 764 2609 ὄν
792 2548 824 2611 et
854 2569 903 2609 κεν
933 2545 1048 2629 origine
1081 2545 1154 2608 viris
1189 2543 1373 2608 doctissimis

206 2652 362 2735 disputata
395 2654 483 2731 sunt,
522 2655 626 2718 tamen
660 2671 718 2716 non
755 2652 800 2716 ita
834 2653 870 2716 ut
904 2652 986 2716 omni
1024 2652 1146 2715 careant
1184 2650 1373 2714 dubitatione

206 2758 365 2840 explanata
376 2760 456 2823 sunt.
503 2758 567 2822 Alii
591 2759 680 2837 euim,
704 2758 735 2821 iu
757 2758 793 2821 iis
808 2757 1011 2837 Hermannus
1036 2757 1233 2840 grauissimus
1256 2758 1373 2834 auctor,

205 2863 376 2941 Dammius‚
399 2864 468 2929 illas
487 2883 575 2929 voces
591 2864 725 2930 diversae
741 2863 874 2948 originis,
898 2862 952 2928 alii
967 2863 1101 2948 ejusdem
1113 2882 1177 2929 esse
1188 2862 1371 2943 existimant,

204 2969 296 3035 iniis
318 2971 452 3052 Rostiusi
477 2970 530 3053 qui
558 2970 674 3053 primus
704 2989 770 3036 eam
803 2970 840 3035 de
863 2971 1016 3035 communi
1039 2970 1259 3054 particularum
1283 2970 1319 3034 ἄν
1342 2971 1373 3035 et
1462 3007 1474 3017 -

204 3077 253 3141 κέν
276 3076 391 3161 origine
422 3076 519 3142 morit
553 3077 778 3159 quaestionem3
813 3077 1011 3142 artificiosam
1044 3078 1123 3141 hauc
1157 3076 1372 3142 derivationem

205 3184 265 3248 huc
287 3183 395 3248 referre
418 3184 634 3265 supersedebo,
667 3203 761 3266 quum
792 3184 868 3248 nihil
891 3184 998 3249 efferat
1020 3185 1176 3248 momenti.
1223 3182 1372 3265 liquidem

204 3289 305 3354 omnia
327 3309 405 3373 quaa
427 3291 547 3355 exstant
570 3310 640 3355 cum
662 3290 766 3355 tuturo
783 3292 814 3355 et
829 3290 1017 3373 conjunctivo
1041 3290 1191 3380 adJunotis
1214 3288 1372 3373 particulis

204 3395 241 3459 ἄν
264 3398 295 3462 et
317 3396 365 3460 κέν
388 3397 524 3479 exempla
545 3397 709 3462 Homerica
736 3397 768 3461 in
799 3396 926 3461 eandem
954 3415 1014 3479 qua
1042 3396 1074 3461 in
1100 3395 1372 3470 dissertatiuncula

203 3502 260 3566 hac
282 3521 355 3567 usus
378 3521 447 3568 sum
469 3501 697 3586 dispositionem
710 3503 846 3587 congessi
868 3503 1056 3586 singulisque
1075 3504 1214 3586 partibus
1237 3502 1372 3584 quoties·

205 3627 323 3690 cunque
345 3609 535 3691 reperiantur
557 3608 594 3673 ἄν
609 3610 658 3674 vel
673 3610 721 3673 κέν
743 3609 912 3692 particulae
935 3608 1090 3692 adscripsi,
1115 3609 1141 3672 si
1164 3609 1222 3673 hac
1244 3608 1372 3673 fortasse

204 3715 320 3780 ratione
336 3714 411 3780 certi
427 3714 594 3798 quidquam
609 3715 685 3780 mihi
700 3715 891 3780 redundaret.
908 3715 1036 3782 durabit
1051 3715 1129 3780 hano
1144 3714 1370 3798 dispositionem

203 3819 317 3887 afferro.

767 3945 806 4011 A.

564 4068 780 4138 [nuntiata
812 4070 1009 4152 primaria.

291 4212 319 4274 J.
343 4235 410 4275 cum
432 4211 630 4299 conjunctivo:

335 4335 461 4419 alcum
483 4335 649 4419 subjectivo
672 4335 840 4418 particulae
862 4355 923 4400 non
946 4335 1179 4419 conjunguntur.

334 4440 368 4525 b)
392 4460 463 4505 cum
485 4440 641 4524 objectivo.
