<?xml version="1.0" encoding="UTF-8"?>
<!DOCTYPE html PUBLIC "-//W3C//DTD XHTML 1.0 Transitional//EN"
    "http://www.w3.org/TR/xhtml1/DTD/xhtml1-transitional.dtd">
<html xmlns="http://www.w3.org/1999/xhtml" xml:lang="en" lang="en">
 <head>
  <title>
</title>
<meta http-equiv="Content-Type" content="text/html;charset=utf-8" />
  <meta name='ocr-system' content='tesseract 3.04.00' />
  <meta name='ocr-capabilities' content='ocr_page ocr_carea ocr_par ocr_line ocrx_word'/>
</head>
<body>
  <div class='ocr_page' id='page_1' title='image "./deconjunctiviet00pollgoog_0020.png"; bbox 0 0 2992 4988; ppageno 0'>
   <div class='ocr_carea' id='block_1_1' title="bbox 724 293 764 356">
    <p class='ocr_par' dir='ltr' id='par_1_1' title="bbox 724 293 764 356">
     <span class='ocr_line' id='line_1_1' title="bbox 724 293 764 356; baseline 0.025 -1"><span class='ocrx_word' id='word_1_1' title='bbox 724 293 764 356; x_wconf 87' lang='lat'>13</span> 
     </span>
    </p>
   </div>
   <div class='ocr_carea' id='block_1_2' title="bbox 153 485 1406 3009">
    <p class='ocr_par' dir='ltr' id='par_1_2' title="bbox 158 485 1328 997">
     <span class='ocr_line' id='line_1_2' title="bbox 251 485 1328 570; baseline 0 -20"><span class='ocrx_word' id='word_1_2' title='bbox 251 486 355 550; x_wconf 79' lang='lat' dir='ltr'>Etiam</span> <span class='ocrx_word' id='word_1_3' title='bbox 389 485 478 550; x_wconf 88' lang='lat' dir='ltr'>latini</span> <span class='ocrx_word' id='word_1_4' title='bbox 512 487 658 551; x_wconf 90' lang='lat' dir='ltr'>sermonis</span> <span class='ocrx_word' id='word_1_5' title='bbox 692 486 807 552; x_wconf 83' lang='lat' dir='ltr'>similia</span> <span class='ocrx_word' id='word_1_6' title='bbox 841 487 872 551; x_wconf 88' lang='lat' dir='ltr'>et</span> <span class='ocrx_word' id='word_1_7' title='bbox 898 504 935 564; x_wconf 86' lang='grc'>11</span> <span class='ocrx_word' id='word_1_8' title='bbox 960 486 1090 570; x_wconf 71' lang='lat' dir='ltr'>puidam</span> <span class='ocrx_word' id='word_1_9' title='bbox 1123 486 1328 552; x_wconf 89' lang='lat' dir='ltr'>usitatissima</span> 
     </span>
     <span class='ocr_line' id='line_1_3' title="bbox 163 592 1328 675; baseline 0.001 -19"><span class='ocrx_word' id='word_1_10' title='bbox 163 592 362 674; x_wconf 79' lang='lat' dir='ltr'>scriptoribus</span> <span class='ocrx_word' id='word_1_11' title='bbox 386 592 524 675; x_wconf 81' lang='lat' dir='ltr'>exempla</span> <span class='ocrx_word' id='word_1_12' title='bbox 546 592 739 675; x_wconf 89' lang='lat' dir='ltr'>reperiuntur</span> <span class='ocrx_word' id='word_1_13' title='bbox 761 631 805 642; x_wconf 93' lang='grc'>-</span> <span class='ocrx_word' id='word_1_14' title='bbox 828 593 877 658; x_wconf 89' lang='lat' dir='ltr'>fec</span> <span class='ocrx_word' id='word_1_15' title='bbox 899 593 1005 673; x_wconf 89' lang='lat' dir='ltr'>abeas,</span> <span class='ocrx_word' id='word_1_16' title='bbox 1029 593 1086 658; x_wconf 90' lang='lat' dir='ltr'>hoe</span> <span class='ocrx_word' id='word_1_17' title='bbox 1115 593 1211 658; x_wconf 89' lang='lat' dir='ltr'>facias</span> <span class='ocrx_word' id='word_1_18' title='bbox 1234 593 1328 658; x_wconf 91' lang='lat' dir='ltr'>velim</span> 
     </span>
     <span class='ocr_line' id='line_1_4' title="bbox 164 681 1327 783; baseline 0.001 -21"><span class='ocrx_word' id='word_1_19' title='bbox 164 698 298 780; x_wconf 88' lang='lat' dir='ltr'>(neeesse</span> <span class='ocrx_word' id='word_1_20' title='bbox 321 697 391 783; x_wconf 82' lang='lat' dir='ltr'>est),</span> <span class='ocrx_word' id='word_1_21' title='bbox 416 697 540 762; x_wconf 78' lang='lat' dir='ltr'>similia.</span> <span class='ocrx_word' id='word_1_22' title='bbox 587 696 795 783; x_wconf 80' lang='lat' dir='ltr'>Oonjungendi</span> <span class='ocrx_word' id='word_1_23' title='bbox 818 697 970 780; x_wconf 87' lang='lat' dir='ltr'>quandam</span> <span class='ocrx_word' id='word_1_24' title='bbox 992 699 1057 764; x_wconf 87' lang='lat' dir='ltr'>vim</span> <span class='ocrx_word' id='word_1_25' title='bbox 1079 699 1234 764; x_wconf 89' lang='lat' dir='ltr'>inhaerere</span> <span class='ocrx_word' id='word_1_26' title='bbox 1258 681 1327 764; x_wconf 81' lang='lat' dir='ltr'>eon-</span> 
     </span>
     <span class='ocr_line' id='line_1_5' title="bbox 158 804 1327 888; baseline 0 -20"><span class='ocrx_word' id='word_1_27' title='bbox 158 805 296 888; x_wconf 89' lang='lat' dir='ltr'>junetivo</span> <span class='ocrx_word' id='word_1_28' title='bbox 326 804 391 888; x_wconf 89' lang='lat' dir='ltr'>jam</span> <span class='ocrx_word' id='word_1_29' title='bbox 425 805 621 888; x_wconf 82' lang='lat' dir='ltr'>grammatici</span> <span class='ocrx_word' id='word_1_30' title='bbox 654 806 770 870; x_wconf 90' lang='lat' dir='ltr'>veteres</span> <span class='ocrx_word' id='word_1_31' title='bbox 805 804 920 887; x_wconf 89' lang='lat' dir='ltr'>optime</span> <span class='ocrx_word' id='word_1_32' title='bbox 947 807 1178 888; x_wconf 85' lang='lat' dir='ltr'>perspexemnt,</span> <span class='ocrx_word' id='word_1_33' title='bbox 1207 805 1327 870; x_wconf 86' lang='lat' dir='ltr'>sicum</span> 
     </span>
     <span class='ocr_line' id='line_1_6' title="bbox 162 895 1054 997; baseline 0.003 -25"><span class='ocrx_word' id='word_1_34' title='bbox 162 910 349 997; x_wconf 73' lang='grc' dir='ltr'><strong>151111111κὴ1</strong></span> <span class='ocrx_word' id='word_1_35' title='bbox 372 911 537 994; x_wconf 89' lang='lat' dir='ltr'>appellant.</span> <span class='ocrx_word' id='word_1_36' title='bbox 553 910 574 994; x_wconf 81' lang='lat'>¹)</span> <span class='ocrx_word' id='word_1_37' title='bbox 896 895 899 900; x_wconf 39' lang='lat'>⁵</span> <span class='ocrx_word' id='word_1_38' title='bbox 954 925 957 928; x_wconf 86' lang='grc'><em>·</em></span> <span class='ocrx_word' id='word_1_39' title='bbox 1047 927 1054 940; x_wconf 82' lang='grc'><em>·</em></span> 
     </span>
    </p>

    <p class='ocr_par' dir='ltr' id='par_1_3' title="bbox 158 1015 1406 2698">
     <span class='ocr_line' id='line_1_7' title="bbox 252 1015 1325 1101; baseline 0.002 -21"><span class='ocrx_word' id='word_1_40' title='bbox 252 1016 286 1101; x_wconf 78' lang='lat'>2)</span> <span class='ocrx_word' id='word_1_41' title='bbox 309 1016 545 1082; x_wconf 90' lang='lat' dir='ltr'>Pronomine</span> <span class='ocrx_word' id='word_1_42' title='bbox 568 1016 745 1081; x_wconf 89' lang='lat' dir='ltr'>relativo</span> <span class='ocrx_word' id='word_1_43' title='bbox 773 1015 984 1082; x_wconf 90' lang='lat' dir='ltr'>enuntiata</span> <span class='ocrx_word' id='word_1_44' title='bbox 1007 1019 1325 1083; x_wconf 69' lang='lat' dir='ltr'>conectebantur.</span> 
     </span>
     <span class='ocr_line' id='line_1_8' title="bbox 162 1121 1325 1207; baseline 0 -20"><span class='ocrx_word' id='word_1_45' title='bbox 162 1122 324 1188; x_wconf 90' lang='lat' dir='ltr'>Windisch</span> <span class='ocrx_word' id='word_1_46' title='bbox 356 1122 651 1206; x_wconf 84' lang='lat' dir='ltr'>„Untersuohnngen</span> <span class='ocrx_word' id='word_1_47' title='bbox 680 1123 754 1186; x_wconf 77' lang='lat' dir='ltr'>iiber</span> <span class='ocrx_word' id='word_1_48' title='bbox 777 1121 805 1188; x_wconf 91' lang='lat' dir='ltr'>d.</span> <span class='ocrx_word' id='word_1_49' title='bbox 830 1122 897 1187; x_wconf 86' lang='lat' dir='ltr'>Rel.</span> <span class='ocrx_word' id='word_1_50' title='bbox 920 1140 1004 1204; x_wconf 90' lang='lat' dir='ltr'>pron.</span> <span class='ocrx_word' id='word_1_51' title='bbox 1029 1124 1060 1186; x_wconf 90' lang='lat' dir='ltr'>in</span> <span class='ocrx_word' id='word_1_52' title='bbox 1084 1123 1136 1188; x_wconf 90' lang='lat' dir='ltr'>der</span> <span class='ocrx_word' id='word_1_53' title='bbox 1158 1123 1325 1207; x_wconf 85' lang='lat' dir='ltr'>indegerm.</span> 
     </span>
     <span class='ocr_line' id='line_1_9' title="bbox 161 1226 1406 1311; baseline -0.002 -18"><span class='ocrx_word' id='word_1_54' title='bbox 161 1227 325 1311; x_wconf 81' lang='lat' dir='ltr'>Spracbe“,</span> <span class='ocrx_word' id='word_1_55' title='bbox 357 1229 388 1293; x_wconf 89' lang='lat' dir='ltr'>in</span> <span class='ocrx_word' id='word_1_56' title='bbox 411 1227 536 1294; x_wconf 79' lang='lat' dir='ltr'>Curtius</span> <span class='ocrx_word' id='word_1_57' title='bbox 568 1226 717 1307; x_wconf 84' lang='lat' dir='ltr'>„Studien</span> <span class='ocrx_word' id='word_1_58' title='bbox 739 1247 792 1292; x_wconf 85' lang='lat' dir='ltr'>zur</span> <span class='ocrx_word' id='word_1_59' title='bbox 815 1227 926 1311; x_wconf 84' lang='lat' dir='ltr'>griech.</span> <span class='ocrx_word' id='word_1_60' title='bbox 952 1228 1014 1292; x_wconf 91' lang='lat' dir='ltr'>und</span> <span class='ocrx_word' id='word_1_61' title='bbox 1036 1227 1141 1293; x_wconf 89' lang='lat' dir='ltr'>latein.</span> <span class='ocrx_word' id='word_1_62' title='bbox 1167 1229 1325 1295; x_wconf 82' lang='lat' dir='ltr'>Gramm.“</span> <span class='ocrx_word' id='word_1_63' title='bbox 1403 1286 1406 1291; x_wconf 16' lang='grc' dir='ltr'><strong>Α</strong></span> 
     </span>
     <span class='ocr_line' id='line_1_10' title="bbox 162 1334 1326 1418; baseline 0.001 -19"><span class='ocrx_word' id='word_1_64' title='bbox 162 1335 397 1413; x_wconf 85' lang='lat' dir='ltr'>demonstrarit,</span> <span class='ocrx_word' id='word_1_65' title='bbox 430 1335 594 1418; x_wconf 83' lang='lat' dir='ltr'>genuinam</span> <span class='ocrx_word' id='word_1_66' title='bbox 624 1335 809 1416; x_wconf 81' lang='lat' dir='ltr'>pronominis</span> <span class='ocrx_word' id='word_1_67' title='bbox 842 1334 965 1400; x_wconf 82' lang='lat' dir='ltr'>relativi</span> <span class='ocrx_word' id='word_1_68' title='bbox 987 1334 1140 1399; x_wconf 89' lang='lat' dir='ltr'>notionem</span> <span class='ocrx_word' id='word_1_69' title='bbox 1164 1335 1326 1402; x_wconf 90' lang='lat' dir='ltr'>deicticam</span> 
     </span>
     <span class='ocr_line' id='line_1_11' title="bbox 162 1440 1327 1525; baseline 0.001 -20"><span class='ocrx_word' id='word_1_70' title='bbox 162 1442 270 1520; x_wconf 86' lang='lat' dir='ltr'>fuisse,</span> <span class='ocrx_word' id='word_1_71' title='bbox 300 1443 380 1506; x_wconf 90' lang='lat' dir='ltr'>inter</span> <span class='ocrx_word' id='word_1_72' title='bbox 411 1460 503 1523; x_wconf 91' lang='lat' dir='ltr'>quam</span> <span class='ocrx_word' id='word_1_73' title='bbox 534 1440 693 1505; x_wconf 90' lang='lat' dir='ltr'>deicticam</span> <span class='ocrx_word' id='word_1_74' title='bbox 723 1440 1020 1525; x_wconf 80' lang='lat' dir='ltr'>(demonstrativam)</span> <span class='ocrx_word' id='word_1_75' title='bbox 1044 1442 1075 1505; x_wconf 93' lang='lat' dir='ltr'>et</span> <span class='ocrx_word' id='word_1_76' title='bbox 1097 1442 1260 1506; x_wconf 89' lang='lat' dir='ltr'>relativam</span> <span class='ocrx_word' id='word_1_77' title='bbox 1284 1479 1327 1490; x_wconf 88' lang='lat'>-</span> 
     </span>
     <span class='ocr_line' id='line_1_12' title="bbox 161 1546 1326 1630; baseline 0 -18"><span class='ocrx_word' id='word_1_78' title='bbox 161 1566 242 1626; x_wconf 88' lang='lat' dir='ltr'>eam,</span> <span class='ocrx_word' id='word_1_79' title='bbox 278 1567 354 1630; x_wconf 89' lang='lat' dir='ltr'>quae</span> <span class='ocrx_word' id='word_1_80' title='bbox 387 1549 493 1630; x_wconf 88' lang='lat' dir='ltr'>postea</span> <span class='ocrx_word' id='word_1_81' title='bbox 532 1546 592 1611; x_wconf 92' lang='lat' dir='ltr'>hue</span> <span class='ocrx_word' id='word_1_82' title='bbox 626 1547 761 1629; x_wconf 86' lang='lat' dir='ltr'>profecta</span> <span class='ocrx_word' id='word_1_83' title='bbox 795 1549 841 1612; x_wconf 89' lang='lat' dir='ltr'>est</span> <span class='ocrx_word' id='word_1_84' title='bbox 876 1583 917 1594; x_wconf 92' lang='lat'>—</span> <span class='ocrx_word' id='word_1_85' title='bbox 952 1546 1209 1630; x_wconf 86' lang='lat' dir='ltr'>significationem</span> <span class='ocrx_word' id='word_1_86' title='bbox 1243 1549 1326 1613; x_wconf 92' lang='lat' dir='ltr'>notio</span> 
     </span>
     <span class='ocr_line' id='line_1_13' title="bbox 160 1653 1324 1739; baseline 0.001 -22"><span class='ocrx_word' id='word_1_87' title='bbox 160 1655 459 1736; x_wconf 82' lang='lat' dir='ltr'>„anaphoriea“</span> <span class='ocrx_word' id='word_1_88' title='bbox 495 1653 718 1732; x_wconf 86' lang='lat' dir='ltr'>intercessoris,</span> <span class='ocrx_word' id='word_1_89' title='bbox 742 1654 778 1716; x_wconf 90' lang='lat' dir='ltr'>ut</span> <span class='ocrx_word' id='word_1_90' title='bbox 811 1653 856 1718; x_wconf 91' lang='lat' dir='ltr'>ita</span> <span class='ocrx_word' id='word_1_91' title='bbox 886 1653 1001 1739; x_wconf 78' lang='lat' dir='ltr'>dicam,</span> <span class='ocrx_word' id='word_1_92' title='bbox 1027 1654 1192 1735; x_wconf 84' lang='lat' dir='ltr'>susceperit</span> <span class='ocrx_word' id='word_1_93' title='bbox 1214 1656 1324 1735; x_wconf 90' lang='lat' dir='ltr'>partes.</span> 
     </span>
     <span class='ocr_line' id='line_1_14' title="bbox 159 1759 1327 1846; baseline 0.001 -23"><span class='ocrx_word' id='word_1_94' title='bbox 159 1760 195 1824; x_wconf 94' lang='lat' dir='ltr'>In</span> <span class='ocrx_word' id='word_1_95' title='bbox 217 1760 345 1826; x_wconf 88' lang='lat' dir='ltr'>Homeri</span> <span class='ocrx_word' id='word_1_96' title='bbox 369 1759 555 1824; x_wconf 87' lang='lat' dir='ltr'>carminibus</span> <span class='ocrx_word' id='word_1_97' title='bbox 571 1761 699 1840; x_wconf 88' lang='lat' dir='ltr'>utraque</span> <span class='ocrx_word' id='word_1_98' title='bbox 714 1760 796 1824; x_wconf 92' lang='lat' dir='ltr'>notio</span> <span class='ocrx_word' id='word_1_99' title='bbox 817 1759 1002 1842; x_wconf 89' lang='lat' dir='ltr'>pronominis</span> <span class='ocrx_word' id='word_1_100' title='bbox 1026 1760 1067 1838; x_wconf 72' lang='lat' dir='ltr'>dc,</span> <span class='ocrx_word' id='word_1_101' title='bbox 1092 1759 1121 1846; x_wconf 77' lang='grc' dir='ltr'>ἦ,</span> <span class='ocrx_word' id='word_1_102' title='bbox 1146 1761 1167 1820; x_wconf 77' lang='lat' dir='ltr'>d</span> <span class='ocrx_word' id='word_1_103' title='bbox 1186 1778 1327 1842; x_wconf 87' lang='lat' dir='ltr'>persaepe</span> 
     </span>
     <span class='ocr_line' id='line_1_15' title="bbox 159 1864 1326 1957; baseline -0.001 -27"><span class='ocrx_word' id='word_1_104' title='bbox 159 1866 274 1930; x_wconf 88' lang='lat' dir='ltr'>secerni</span> <span class='ocrx_word' id='word_1_105' title='bbox 296 1886 355 1930; x_wconf 92' lang='lat' dir='ltr'>non</span> <span class='ocrx_word' id='word_1_106' title='bbox 378 1867 489 1948; x_wconf 90' lang='lat' dir='ltr'>potest,</span> <span class='ocrx_word' id='word_1_107' title='bbox 526 1866 611 1957; x_wconf 86' lang='lat' dir='ltr'>cujus</span> <span class='ocrx_word' id='word_1_108' title='bbox 644 1865 786 1947; x_wconf 91' lang='lat' dir='ltr'>loquendi</span> <span class='ocrx_word' id='word_1_109' title='bbox 821 1885 893 1930; x_wconf 89' lang='lat' dir='ltr'>usus</span> <span class='ocrx_word' id='word_1_110' title='bbox 925 1865 1061 1947; x_wconf 84' lang='lat' dir='ltr'>exempla</span> <span class='ocrx_word' id='word_1_111' title='bbox 1093 1864 1199 1928; x_wconf 84' lang='lat' dir='ltr'>afferre</span> <span class='ocrx_word' id='word_1_112' title='bbox 1222 1884 1326 1947; x_wconf 91' lang='lat' dir='ltr'>super-</span> 
     </span>
     <span class='ocr_line' id='line_1_16' title="bbox 158 1971 1398 2055; baseline 0 -20"><span class='ocrx_word' id='word_1_113' title='bbox 158 1989 325 2054; x_wconf 90' lang='lat' dir='ltr'>vacaneum</span> <span class='ocrx_word' id='word_1_114' title='bbox 358 1971 494 2050; x_wconf 89' lang='lat' dir='ltr'>videtur,</span> <span class='ocrx_word' id='word_1_115' title='bbox 519 1991 613 2054; x_wconf 88' lang='lat' dir='ltr'>quum</span> <span class='ocrx_word' id='word_1_116' title='bbox 648 1971 754 2053; x_wconf 89' lang='lat' dir='ltr'>quavis</span> <span class='ocrx_word' id='word_1_117' title='bbox 789 1972 850 2035; x_wconf 88' lang='lat' dir='ltr'>fere</span> <span class='ocrx_word' id='word_1_118' title='bbox 873 1972 985 2055; x_wconf 88' lang='lat' dir='ltr'>pagina</span> <span class='ocrx_word' id='word_1_119' title='bbox 1008 1974 1175 2036; x_wconf 88' lang='lat' dir='ltr'>occurrant.</span> <span class='ocrx_word' id='word_1_120' title='bbox 1222 1972 1326 2036; x_wconf 80' lang='lat' dir='ltr'>Enun-</span> <span class='ocrx_word' id='word_1_121' title='bbox 1386 1976 1398 2002; x_wconf 60' lang='lat'>‘¹</span> 
     </span>
     <span class='ocr_line' id='line_1_17' title="bbox 159 2077 1322 2161; baseline 0 -19"><span class='ocrx_word' id='word_1_122' title='bbox 159 2078 303 2142; x_wconf 88' lang='lat' dir='ltr'>tiationes</span> <span class='ocrx_word' id='word_1_123' title='bbox 338 2077 484 2142; x_wconf 88' lang='lat' dir='ltr'>relativae</span> <span class='ocrx_word' id='word_1_124' title='bbox 518 2096 589 2160; x_wconf 83' lang='lat' dir='ltr'>ergo</span> <span class='ocrx_word' id='word_1_125' title='bbox 624 2077 721 2159; x_wconf 91' lang='lat' dir='ltr'>primo</span> <span class='ocrx_word' id='word_1_126' title='bbox 756 2077 927 2151; x_wconf 76' lang='grc' dir='ltr'><em>ἀσυνδέτως</em></span> <span class='ocrx_word' id='word_1_127' title='bbox 958 2077 1217 2161; x_wconf 74' lang='lat' dir='ltr'>adjungebantur,</span> <span class='ocrx_word' id='word_1_128' title='bbox 1241 2078 1271 2142; x_wconf 92' lang='lat' dir='ltr'>h.</span> <span class='ocrx_word' id='word_1_129' title='bbox 1296 2097 1322 2142; x_wconf 90' lang='lat' dir='ltr'>c.</span> 
     </span>
     <span class='ocr_line' id='line_1_18' title="bbox 159 2181 1324 2269; baseline 0 -22"><span class='ocrx_word' id='word_1_130' title='bbox 159 2185 245 2248; x_wconf 90' lang='lat' dir='ltr'>erant</span> <span class='ocrx_word' id='word_1_131' title='bbox 267 2185 434 2249; x_wconf 88' lang='lat' dir='ltr'>sententiae</span> <span class='ocrx_word' id='word_1_132' title='bbox 457 2183 646 2267; x_wconf 87' lang='lat' dir='ltr'>principales.</span> <span class='ocrx_word' id='word_1_133' title='bbox 694 2181 795 2261; x_wconf 80' lang='lat' dir='ltr'>Quum</span> <span class='ocrx_word' id='word_1_134' title='bbox 825 2183 1048 2267; x_wconf 88' lang='lat' dir='ltr'>conjunctiones</span> <span class='ocrx_word' id='word_1_135' title='bbox 1071 2185 1122 2259; x_wconf 83' lang='grc' dir='ltr'>ὡς,</span> <span class='ocrx_word' id='word_1_136' title='bbox 1146 2183 1205 2259; x_wconf 80' lang='grc' dir='ltr'><strong><em>ἵνα,</em></strong></span> <span class='ocrx_word' id='word_1_137' title='bbox 1230 2181 1324 2269; x_wconf 77' lang='grc' dir='ltr'><em>ὄφρα,</em></span> 
     </span>
     <span class='ocr_line' id='line_1_19' title="bbox 159 2288 1325 2377; baseline 0.003 -26"><span class='ocrx_word' id='word_1_138' title='bbox 159 2290 256 2365; x_wconf 77' lang='grc' dir='ltr'><em>ὅπως,</em></span> <span class='ocrx_word' id='word_1_139' title='bbox 280 2291 345 2365; x_wconf 77' lang='grc' dir='ltr'><strong>ὅτε,</strong></span> <span class='ocrx_word' id='word_1_140' title='bbox 375 2291 502 2366; x_wconf 73' lang='grc' dir='ltr'><em>ὁππότε,</em></span> <span class='ocrx_word' id='word_1_141' title='bbox 534 2288 619 2365; x_wconf 78' lang='grc' dir='ltr'><em>εὖτε,</em></span> <span class='ocrx_word' id='word_1_142' title='bbox 650 2288 723 2377; x_wconf 77' lang='grc' dir='ltr'><strong><em>ἦμος</em></strong></span> <span class='ocrx_word' id='word_1_143' title='bbox 748 2309 809 2354; x_wconf 86' lang='lat' dir='ltr'>non</span> <span class='ocrx_word' id='word_1_144' title='bbox 836 2290 895 2353; x_wconf 90' lang='lat' dir='ltr'>nisi</span> <span class='ocrx_word' id='word_1_145' title='bbox 926 2308 1012 2354; x_wconf 84' lang='lat' dir='ltr'>casus</span> <span class='ocrx_word' id='word_1_146' title='bbox 1043 2289 1105 2354; x_wconf 78' lang='lat' dir='ltr'>sint</span> <span class='ocrx_word' id='word_1_147' title='bbox 1138 2290 1325 2372; x_wconf 83' lang='lat' dir='ltr'>pronominis</span> 
     </span>
     <span class='ocr_line' id='line_1_20' title="bbox 158 2394 1324 2478; baseline 0.001 -19"><span class='ocrx_word' id='word_1_148' title='bbox 158 2396 291 2475; x_wconf 88' lang='lat' dir='ltr'>relativi,</span> <span class='ocrx_word' id='word_1_149' title='bbox 316 2415 365 2460; x_wconf 93' lang='grc'>111</span> <span class='ocrx_word' id='word_1_150' title='bbox 394 2414 512 2478; x_wconf 91' lang='lat' dir='ltr'>quoque</span> <span class='ocrx_word' id='word_1_151' title='bbox 536 2394 759 2461; x_wconf 84' lang='lat' dir='ltr'>enuntiationes</span> <span class='ocrx_word' id='word_1_152' title='bbox 794 2395 843 2460; x_wconf 92' lang='lat' dir='ltr'>his</span> <span class='ocrx_word' id='word_1_153' title='bbox 872 2395 1134 2478; x_wconf 86' lang='lat' dir='ltr'>conjunctionibus</span> <span class='ocrx_word' id='word_1_154' title='bbox 1164 2395 1324 2460; x_wconf 86' lang='lat' dir='ltr'>institutas</span> 
     </span>
     <span class='ocr_line' id='line_1_21' title="bbox 158 2501 1323 2588; baseline 0 -23"><span class='ocrx_word' id='word_1_155' title='bbox 158 2501 245 2566; x_wconf 91' lang='lat' dir='ltr'>initio</span> <span class='ocrx_word' id='word_1_156' title='bbox 276 2502 458 2584; x_wconf 89' lang='lat' dir='ltr'>principales</span> <span class='ocrx_word' id='word_1_157' title='bbox 489 2502 582 2567; x_wconf 88' lang='lat' dir='ltr'>fuisso</span> <span class='ocrx_word' id='word_1_158' title='bbox 612 2502 755 2584; x_wconf 86' lang='lat' dir='ltr'>apparct;</span> <span class='ocrx_word' id='word_1_159' title='bbox 785 2520 840 2565; x_wconf 92' lang='grc'>111</span> <span class='ocrx_word' id='word_1_160' title='bbox 868 2501 959 2565; x_wconf 88' lang='lat' dir='ltr'>aliter</span> <span class='ocrx_word' id='word_1_161' title='bbox 990 2501 1026 2566; x_wconf 91' lang='lat' dir='ltr'>de</span> <span class='ocrx_word' id='word_1_162' title='bbox 1057 2501 1223 2567; x_wconf 89' lang='lat' dir='ltr'>enuntiatis</span> <span class='ocrx_word' id='word_1_163' title='bbox 1247 2502 1323 2588; x_wconf 78' lang='grc' dir='ltr'>πρίν,</span> 
     </span>
     <span class='ocr_line' id='line_1_22' title="bbox 158 2607 971 2698; baseline 0.001 -28"><span class='ocrx_word' id='word_1_164' title='bbox 158 2607 232 2685; x_wconf 81' lang='grc' dir='ltr'>ἐπεί,</span> <span class='ocrx_word' id='word_1_165' title='bbox 256 2609 283 2670; x_wconf 73' lang='grc' dir='ltr'>εἰ</span> <span class='ocrx_word' id='word_1_166' title='bbox 306 2608 566 2698; x_wconf 88' lang='lat' dir='ltr'>conjunctionibus</span> <span class='ocrx_word' id='word_1_167' title='bbox 589 2607 741 2673; x_wconf 89' lang='lat' dir='ltr'>institutis</span> <span class='ocrx_word' id='word_1_168' title='bbox 765 2607 971 2690; x_wconf 85' lang='lat' dir='ltr'>cogitandum.</span> 
     </span>
    </p>

    <p class='ocr_par' dir='ltr' id='par_1_4' title="bbox 153 2712 1325 3009">
     <span class='ocr_line' id='line_1_23' title="bbox 247 2712 1324 2797; baseline -0.001 -18"><span class='ocrx_word' id='word_1_169' title='bbox 247 2713 279 2797; x_wconf 82' lang='lat'>3)</span> <span class='ocrx_word' id='word_1_170' title='bbox 319 2712 593 2779; x_wconf 78' lang='lat' dir='ltr'>Correlatione</span> <span class='ocrx_word' id='word_1_171' title='bbox 639 2714 953 2779; x_wconf 87' lang='lat' dir='ltr'>conectebantur</span> <span class='ocrx_word' id='word_1_172' title='bbox 1001 2731 1129 2778; x_wconf 87' lang='lat' dir='ltr'>secum</span> <span class='ocrx_word' id='word_1_173' title='bbox 1166 2713 1324 2779; x_wconf 86' lang='lat' dir='ltr'>enuntiata</span> 
     </span>
     <span class='ocr_line' id='line_1_24' title="bbox 156 2802 1325 2903; baseline -0.001 -19"><span class='ocrx_word' id='word_1_174' title='bbox 156 2837 298 2902; x_wconf 87' lang='lat' dir='ltr'>persaepe</span> <span class='ocrx_word' id='word_1_175' title='bbox 329 2820 465 2884; x_wconf 90' lang='lat' dir='ltr'>medium</span> <span class='ocrx_word' id='word_1_176' title='bbox 495 2821 616 2885; x_wconf 88' lang='lat' dir='ltr'>tenente</span> <span class='ocrx_word' id='word_1_177' title='bbox 649 2802 728 2884; x_wconf 84' lang='lat' dir='ltr'>inter</span> <span class='ocrx_word' id='word_1_178' title='bbox 757 2820 915 2902; x_wconf 84' lang='lat' dir='ltr'>paratorio</span> <span class='ocrx_word' id='word_1_179' title='bbox 938 2821 969 2885; x_wconf 91' lang='lat' dir='ltr'>et</span> <span class='ocrx_word' id='word_1_180' title='bbox 990 2818 1171 2903; x_wconf 78' lang='lat' dir='ltr'>hypotaxin,</span> <span class='ocrx_word' id='word_1_181' title='bbox 1197 2819 1233 2883; x_wconf 90' lang='lat' dir='ltr'>de</span> <span class='ocrx_word' id='word_1_182' title='bbox 1264 2838 1325 2901; x_wconf 87' lang='lat' dir='ltr'>que</span> 
     </span>
     <span class='ocr_line' id='line_1_25' title="bbox 153 2925 669 3009; baseline 0.002 -20"><span class='ocrx_word' id='word_1_183' title='bbox 153 2925 219 3007; x_wconf 90' lang='lat' dir='ltr'>jam</span> <span class='ocrx_word' id='word_1_184' title='bbox 242 2945 333 3009; x_wconf 91' lang='lat' dir='ltr'>supra</span> <span class='ocrx_word' id='word_1_185' title='bbox 357 2927 669 2991; x_wconf 89' lang='lat' dir='ltr'>commemoravimus.</span> 
     </span>
    </p>
   </div>
   <div class='ocr_carea' id='block_1_3' title="bbox 339 3157 1147 3380">
    <p class='ocr_par' dir='ltr' id='par_1_5' title="bbox 339 3157 1147 3380">
     <span class='ocr_line' id='line_1_26' title="bbox 729 3157 795 3221; baseline 0 -33"><span class='ocrx_word' id='word_1_186' title='bbox 729 3157 754 3221; x_wconf 70' lang='grc' dir='ltr'>Ιο</span> <span class='ocrx_word' id='word_1_187' title='bbox 793 3183 795 3188; x_wconf 86' lang='grc'>.</span> 
     </span>
     <span class='ocr_line' id='line_1_27' title="bbox 339 3294 1147 3380; baseline -0.001 -15"><span class='ocrx_word' id='word_1_188' title='bbox 339 3296 545 3380; x_wconf 75' lang='lat' dir='ltr'>conjunctivus</span> <span class='ocrx_word' id='word_1_189' title='bbox 569 3300 599 3364; x_wconf 88' lang='grc'>11</span> <span class='ocrx_word' id='word_1_190' title='bbox 620 3297 745 3365; x_wconf 86' lang='grc'><strong>1111111</strong></span> <span class='ocrx_word' id='word_1_191' title='bbox 770 3296 798 3364; x_wconf 94' lang='grc'>11</span> <span class='ocrx_word' id='word_1_192' title='bbox 823 3294 1147 3364; x_wconf 78' lang='grc'><strong>1111111111111111111.</strong></span> 
     </span>
    </p>
   </div>
   <div class='ocr_carea' id='block_1_4' title="bbox 127 3473 1231 3557">
    <p class='ocr_par' dir='ltr' id='par_1_6' title="bbox 127 3473 1231 3557">
     <span class='ocr_line' id='line_1_28' title="bbox 127 3473 1231 3557; baseline -0.001 -19"><span class='ocrx_word' id='word_1_193' title='bbox 127 3518 130 3525; x_wconf 84' lang='lat'>·</span> <span class='ocrx_word' id='word_1_194' title='bbox 248 3478 276 3538; x_wconf 88' lang='lat' dir='ltr'>l.</span> <span class='ocrx_word' id='word_1_195' title='bbox 301 3493 327 3538; x_wconf 90' lang='lat' dir='ltr'>a.</span> <span class='ocrx_word' id='word_1_196' title='bbox 353 3499 381 3537; x_wconf 83' lang='grc' dir='ltr'>α.</span> <span class='ocrx_word' id='word_1_197' title='bbox 415 3473 699 3557; x_wconf 69' lang='lat' dir='ltr'>conjunctivus</span> <span class='ocrx_word' id='word_1_198' title='bbox 722 3473 1010 3538; x_wconf 82' lang='grc'><strong>111111111111</strong></span> <span class='ocrx_word' id='word_1_199' title='bbox 1033 3473 1231 3538; x_wconf 87' lang='lat' dir='ltr'>relativis.</span> 
     </span>
    </p>
   </div>
   <div class='ocr_carea' id='block_1_5' title="bbox 151 3668 1392 4282">
    <p class='ocr_par' dir='ltr' id='par_1_7' title="bbox 151 3668 1392 4282">
     <span class='ocr_line' id='line_1_29' title="bbox 242 3668 1321 3752; baseline 0.002 -19"><span class='ocrx_word' id='word_1_200' title='bbox 242 3669 412 3733; x_wconf 75' lang='lat' dir='ltr'>Enuntiata</span> <span class='ocrx_word' id='word_1_201' title='bbox 445 3670 574 3734; x_wconf 87' lang='lat' dir='ltr'>relativa</span> <span class='ocrx_word' id='word_1_202' title='bbox 608 3669 691 3752; x_wconf 88' lang='lat' dir='ltr'>prius</span> <span class='ocrx_word' id='word_1_203' title='bbox 726 3670 814 3733; x_wconf 85' lang='lat' dir='ltr'>enata</span> <span class='ocrx_word' id='word_1_204' title='bbox 848 3670 1038 3750; x_wconf 85' lang='lat' dir='ltr'>essequam</span> <span class='ocrx_word' id='word_1_205' title='bbox 1067 3668 1226 3734; x_wconf 89' lang='lat' dir='ltr'>enuntiata</span> <span class='ocrx_word' id='word_1_206' title='bbox 1250 3688 1321 3735; x_wconf 94' lang='lat' dir='ltr'>con-</span> 
     </span>
     <span class='ocr_line' id='line_1_30' title="bbox 151 3775 1321 3859; baseline 0.003 -21"><span class='ocrx_word' id='word_1_207' title='bbox 151 3775 360 3857; x_wconf 91' lang='lat' dir='ltr'>junctionibus</span> <span class='ocrx_word' id='word_1_208' title='bbox 389 3775 549 3853; x_wconf 88' lang='lat' dir='ltr'>instituta,</span> <span class='ocrx_word' id='word_1_209' title='bbox 574 3794 669 3858; x_wconf 89' lang='lat' dir='ltr'>quum</span> <span class='ocrx_word' id='word_1_210' title='bbox 693 3795 728 3840; x_wconf 85' lang='lat' dir='ltr'>ex</span> <span class='ocrx_word' id='word_1_211' title='bbox 750 3793 784 3839; x_wconf 90' lang='lat' dir='ltr'>eo</span> <span class='ocrx_word' id='word_1_212' title='bbox 808 3775 888 3857; x_wconf 91' lang='lat' dir='ltr'>quod</span> <span class='ocrx_word' id='word_1_213' title='bbox 916 3775 1066 3857; x_wconf 90' lang='lat' dir='ltr'>plurimae</span> <span class='ocrx_word' id='word_1_214' title='bbox 1098 3775 1321 3859; x_wconf 88' lang='lat' dir='ltr'>conjunctiones</span> 
     </span>
     <span class='ocr_line' id='line_1_31' title="bbox 156 3881 1320 3965; baseline 0.003 -21"><span class='ocrx_word' id='word_1_215' title='bbox 156 3898 242 3945; x_wconf 90' lang='lat' dir='ltr'>casus</span> <span class='ocrx_word' id='word_1_216' title='bbox 267 3882 448 3959; x_wconf 89' lang='lat' dir='ltr'>(ablativus,</span> <span class='ocrx_word' id='word_1_217' title='bbox 472 3881 593 3960; x_wconf 87' lang='lat' dir='ltr'>localis,</span> <span class='ocrx_word' id='word_1_218' title='bbox 615 3881 876 3958; x_wconf 88' lang='lat' dir='ltr'>instrumentalis,</span> <span class='ocrx_word' id='word_1_219' title='bbox 901 3882 1107 3965; x_wconf 89' lang='lat' dir='ltr'>accusativus)</span> <span class='ocrx_word' id='word_1_220' title='bbox 1136 3881 1320 3963; x_wconf 88' lang='lat' dir='ltr'>pronominis</span> 
     </span>
     <span class='ocr_line' id='line_1_32' title="bbox 154 3985 1318 4071; baseline 0.003 -22"><span class='ocrx_word' id='word_1_221' title='bbox 154 3986 274 4070; x_wconf 89' lang='lat' dir='ltr'>relativi</span> <span class='ocrx_word' id='word_1_222' title='bbox 289 3988 377 4071; x_wconf 87' lang='lat' dir='ltr'>-ja</span> <span class='ocrx_word' id='word_1_223' title='bbox 392 3989 464 4053; x_wconf 91' lang='lat' dir='ltr'>sunt</span> <span class='ocrx_word' id='word_1_224' title='bbox 479 3990 548 4052; x_wconf 91' lang='lat' dir='ltr'>tum</span> <span class='ocrx_word' id='word_1_225' title='bbox 564 4006 598 4051; x_wconf 84' lang='lat' dir='ltr'>ex</span> <span class='ocrx_word' id='word_1_226' title='bbox 614 4006 647 4052; x_wconf 90' lang='lat' dir='ltr'>eo</span> <span class='ocrx_word' id='word_1_227' title='bbox 665 3987 810 4070; x_wconf 87' lang='lat' dir='ltr'>conjicere</span> <span class='ocrx_word' id='word_1_228' title='bbox 824 3987 906 4065; x_wconf 89' lang='lat' dir='ltr'>licet,</span> <span class='ocrx_word' id='word_1_229' title='bbox 925 3985 1006 4069; x_wconf 91' lang='lat' dir='ltr'>quod</span> <span class='ocrx_word' id='word_1_230' title='bbox 1028 3986 1054 4051; x_wconf 92' lang='lat' dir='ltr'>is</span> <span class='ocrx_word' id='word_1_231' title='bbox 1076 3987 1219 4068; x_wconf 90' lang='lat' dir='ltr'>loquendi</span> <span class='ocrx_word' id='word_1_232' title='bbox 1234 4007 1318 4066; x_wconf 88' lang='lat' dir='ltr'>usus,</span> 
     </span>
     <span class='ocr_line' id='line_1_33' title="bbox 155 4092 1319 4174; baseline 0.002 -18"><span class='ocrx_word' id='word_1_233' title='bbox 155 4110 213 4173; x_wconf 93' lang='lat' dir='ltr'>quo</span> <span class='ocrx_word' id='word_1_234' title='bbox 230 4093 360 4157; x_wconf 93' lang='lat' dir='ltr'>totum</span> <span class='ocrx_word' id='word_1_235' title='bbox 376 4092 626 4157; x_wconf 91' lang='lat' dir='ltr'>enuntiatum</span> <span class='ocrx_word' id='word_1_236' title='bbox 641 4092 884 4157; x_wconf 88' lang='lat' dir='ltr'>antecedens</span> <span class='ocrx_word' id='word_1_237' title='bbox 901 4092 1069 4174; x_wconf 83' lang='lat' dir='ltr'>explicatur</span> <span class='ocrx_word' id='word_1_238' title='bbox 1083 4093 1211 4158; x_wconf 90' lang='lat' dir='ltr'>relativa</span> <span class='ocrx_word' id='word_1_239' title='bbox 1224 4112 1319 4159; x_wconf 90' lang='lat' dir='ltr'>enun-</span> 
     </span>
     <span class='ocr_line' id='line_1_34' title="bbox 154 4189 1392 4282; baseline 0.002 -20"><span class='ocrx_word' id='word_1_240' title='bbox 154 4198 282 4263; x_wconf 86' lang='lat' dir='ltr'>tiatione</span> <span class='ocrx_word' id='word_1_241' title='bbox 297 4199 385 4282; x_wconf 85' lang='lat' dir='ltr'>longe</span> <span class='ocrx_word' id='word_1_242' title='bbox 400 4199 550 4280; x_wconf 90' lang='lat' dir='ltr'>posterius</span> <span class='ocrx_word' id='word_1_243' title='bbox 566 4198 663 4263; x_wconf 89' lang='lat' dir='ltr'>evasit</span> <span class='ocrx_word' id='word_1_244' title='bbox 678 4217 771 4280; x_wconf 92' lang='lat' dir='ltr'>quam</span> <span class='ocrx_word' id='word_1_245' title='bbox 782 4197 823 4277; x_wconf 87' lang='lat' dir='ltr'>is,</span> <span class='ocrx_word' id='word_1_246' title='bbox 840 4217 899 4280; x_wconf 90' lang='lat' dir='ltr'>quo</span> <span class='ocrx_word' id='word_1_247' title='bbox 915 4217 1028 4262; x_wconf 92' lang='lat' dir='ltr'>unum</span> <span class='ocrx_word' id='word_1_248' title='bbox 1044 4198 1195 4263; x_wconf 86' lang='lat' dir='ltr'>tantum</span> <span class='ocrx_word' id='word_1_249' title='bbox 1210 4201 1318 4264; x_wconf 89' lang='lat' dir='ltr'>aute·</span> <span class='ocrx_word' id='word_1_250' title='bbox 1389 4189 1392 4195; x_wconf 68' lang='grc'><strong><em>’</em></strong></span> 
     </span>
    </p>
   </div>
   <div class='ocr_carea' id='block_1_6' title="bbox 245 4397 926 4497">
    <p class='ocr_par' dir='ltr' id='par_1_8' title="bbox 245 4397 926 4497">
     <span class='ocr_line' id='line_1_35' title="bbox 245 4397 926 4497; baseline -0.003 -15"><span class='ocrx_word' id='word_1_251' title='bbox 245 4432 264 4497; x_wconf 78' lang='lat'>¹&gt;</span> <span class='ocrx_word' id='word_1_252' title='bbox 284 4427 362 4482; x_wconf 77' lang='lat' dir='ltr'>nan.</span> <span class='ocrx_word' id='word_1_253' title='bbox 382 4397 472 4483; x_wconf 68' lang='lat' dir='ltr'>atrax</span> <span class='ocrx_word' id='word_1_254' title='bbox 491 4427 520 4481; x_wconf 78' lang='lat' dir='ltr'>in</span> <span class='ocrx_word' id='word_1_255' title='bbox 537 4426 622 4482; x_wconf 75' lang='lat' dir='ltr'>sem</span> <span class='ocrx_word' id='word_1_256' title='bbox 642 4425 742 4482; x_wconf 71' lang='grc'><strong>11111.</strong></span> <span class='ocrx_word' id='word_1_257' title='bbox 762 4425 799 4482; x_wconf 90' lang='lat'>11.</span> <span class='ocrx_word' id='word_1_258' title='bbox 819 4441 845 4495; x_wconf 82' lang='lat' dir='ltr'>p.</span> <span class='ocrx_word' id='word_1_259' title='bbox 867 4427 926 4480; x_wconf 79' lang='lat' dir='ltr'>era</span> 
     </span>
    </p>
   </div>
   <div class='ocr_carea' id='block_1_7' title="bbox 0 0 1500 4988">
    <p class='ocr_par' dir='ltr' id='par_1_9' title="bbox 0 0 1500 4988">
     <span class='ocr_line' id='line_1_36' title="bbox 0 0 1500 4988; baseline 0 2"><span class='ocrx_word' id='word_1_260' title='bbox 0 0 1500 4988; x_wconf 95' lang='lat' dir='ltr'> </span> 
     </span>
    </p>
   </div>
  </div>
 </body>
</html>
