2992 4988
766 305 808 368 10.

677 391 889 401 ..-

200 493 422 574 intellegendus
437 496 492 572 est,
506 496 537 559 et
544 519 568 579 μ
580 496 653 572 383,
670 496 743 559 εἶδέ
754 519 805 579 μοι
816 494 852 557 οὐ
864 494 988 556 τίσουσιν
1009 493 1094 574 βοῶν
1106 489 1218 556 ἐπιεικέ’
1229 491 1364 578 ἀμοιθήν,

290 600 415 684 δύσομαι
437 602 480 674 εἷς
499 597 593 664 Ἀίδαο
616 603 664 665 καὶ
686 601 718 665 ἐν
741 601 871 664 νεκύεσσι
894 599 1052 684 φιιείνιυ.

289 706 388 770 nescio
422 725 460 770 an
494 726 553 770 non
586 706 703 792 φαείνω
736 724 832 788 praes.
868 705 928 770 ind.
963 705 1012 769 sit.
1043 705 1079 769 oi.
1110 705 1248 770 nostrum
1287 706 1365 783 „und

201 812 360 876 leuchte
394 812 451 876 den
485 812 640 888 Todten“;
675 813 728 876 aiii
763 811 987 895 conjunctivum
1030 812 1229 894 intellegunt,
1269 810 1365 889 „nihil

200 918 310 996 obstat,
346 917 507 999 quominus
542 917 670 983 mortuis
704 919 803 982 lucem
837 917 980 981 afferam‘
1020 917 1089 995 „ich
1117 917 1221 981 kann
1244 918 1278 1000 ja
1309 917 1366 980 den

200 1023 318 1088 Todten
348 1023 519 1088 leuchten.“
565 1024 635 1088 Hac
664 1025 784 1089 notione
808 1023 930 1088 obvenit
953 1024 1159 1106 conjunctivus
1182 1023 1213 1087 in
1235 1023 1366 1088 formula

199 1130 249 1193 καί
269 1130 339 1193 ποτέ
367 1151 407 1204 τις
427 1126 539 1217 εἴπῃσιν
569 1149 686 1213 semper
716 1131 839 1212 excepta
861 1129 959 1193 verbis
989 1129 1033 1202 ὥς
1058 1129 1128 1193 ποτέ
1150 1151 1190 1203 τις
1216 1128 1295 1214 ἐρέει
1316 1130 1365 1194 vel
1446 1166 1449 1171 ·

199 1235 241 1309 ὥς
268 1236 386 1321 ἐρέουσι
393 1259 404 1310 ;
433 1237 640 1319 conjunctivus
664 1236 803 1319 designat
825 1236 964 1318 (11101111
987 1235 1148 1318 quisquam
1171 1235 1216 1299 ita
1237 1235 1364 1302 fortasse

199 1341 281 1406 dicat
315 1341 452 1423 opinione
485 1344 608 1406 tantum
630 1342 830 1424 praecipitur,
855 1361 950 1423 quum
972 1361 1041 1406 vero
1065 1361 1142 1423 quae
1167 1340 1365 1406 credebantur

199 1447 291 1512 verba
306 1448 464 1511 enuntiata
476 1449 548 1512 sunt
570 1448 663 1511 etiam
685 1448 762 1512 talia
783 1449 940 1530 putantur,
965 1447 1067 1529 qualia
1089 1447 1208 1528 quando
1231 1466 1364 1528 pronun·

198 1552 366 1618 tiabuntnr.
413 1553 473 1617 Pro
497 1554 540 1627 ὧς
566 1553 636 1616 ποτέ
658 1575 699 1626 τις
724 1554 804 1638 ἐρέει
835 1553 999 1640 (ἐρέουσιν)
1030 1553 1123 1617 etiam
1157 1553 1364 1637 conjunctivus

198 1658 299 1722 locum
322 1661 423 1725 tenere
451 1660 562 1742 possit,
586 1678 645 1723 non
674 1659 770 1742 possit
792 1660 930 1725 nouum
953 1679 1006 1742 pro
1031 1659 1220 1744 conjunctivo
1243 1655 1364 1747 εἴπῃσιν.
1386 1674 1390 1681 ·

277 1892 305 1953 2.
338 1886 631 1972 Oonjunctivus
653 1890 692 1953 in
715 1889 940 1954 enuntiatis
962 1889 1283 1973 interrogativis,

285 2082 504 2147 Delbrueckius
528 2102 630 2147 omnes
661 2084 911 2167 interrogationes
941 2084 1059 2162 divisit,
1090 2087 1125 2150 ut
1146 2084 1241 2166 ipsius
1264 2084 1363 2149 verbis
1419 2152 1432 2175 .

197 2190 283 2266 utar,
315 2189 346 2252 in
380 2189 741 2272 „Restatigungsiragenu
776 2189 870 2272 (apud
899 2189 1070 2254 Homerum
1103 2191 1262 2255 institutae
1291 2192 1363 2256 sunt

196 2294 347 2374 particula
370 2292 404 2381 ἤ)
429 2295 560 2378 (praeter
577 2294 609 2356 K
621 2294 675 2378 62)
700 2297 731 2359 et
753 2295 784 2360 in
808 2296 1241 2380 „Verdeutlichungsiragen“,
1266 2299 1360 2378 722,

201 2399 329 2485 Μέντορ,
354 2404 418 2474 πῶς
438 2397 462 2462 τ’
485 2399 524 2486 dp
548 2397 604 2476 ἴο,·
626 2400 684 2464 Sed
700 2401 758 2465 hac
773 2401 917 2466 divisione
932 2400 1031 2466 nescio
1048 2420 1085 2466 an
1108 2402 1181 2483 quid
1203 2403 1369 2483 profecerit

195 2507 242 2569 vir
265 2505 314 2569 dd.
360 2506 405 2571 Ut
428 2507 494 2590 jam
524 2526 615 2588 supra
643 2508 757 2587 monui,
792 2508 1043 2592 interrogationes
1073 2527 1132 2572 una
1163 2528 1232 2573 cum
1255 2526 1290 2572 ea
1313 2508 1363 2573 cui

196 2611 409 2676 adsoribuntm
437 2612 534 2694 speeie
563 2613 790 2678 enuntiatorum
820 2615 926 2678 enatae
950 2615 1038 2692 sunt,
1063 2633 1124 2692 eae,
1149 2633 1226 2696 quae
1248 2633 1266 2678 a
1288 2614 1362 2677 Del-

194 2717 338 2781 bmecirio
356 2717 778 2801 „Verdeutlichungsfragem
804 2720 999 2801 appellantur
1021 2738 1175 2784 unacum
1198 2718 1362 2784 enuntiatis
1473 2704 1477 2709 ¹

194 2822 356 2905 primariis,
381 2841 457 2904 qnae
483 2823 848 2906 „Bestatigungsfragen“
872 2825 910 2888 ab
934 2844 967 2890 eo
991 2826 1184 2908 appellantur
1207 2845 1267 2890 una
1290 2845 1361 2890 oum

195 2929 359 2993 enuntiatis
383 2929 568 2993 secundariis
591 2929 787 3011 profluxerint
809 2949 929 2995 neeesse
952 2934 1008 2996 est.

282 3034 517 3118 Interrogationi
539 3035 619 3099 inest
641 3035 875 3100 adhortatio
899 3057 969 3102 cum
993 3039 1090 3102 colore
1119 3039 1250 3121 quodam
1272 3038 1362 3102 dubi·

194 3139 291 3206 tativo
315 3142 346 3205 et
368 3140 579 3218 deliberativo,
604 3159 696 3222 quare
725 3141 971 3225 conjunctivus
963 3165 994 3207 m
1024 3144 1071 3208 his
1103 3142 1361 3209 enuntiationibus

195 3264 285 3328 quem
320 3246 521 3329 subjectivum
560 3245 689 3311 diximus
727 3247 939 3313 usitatust
899 3248 939 3313 sit
977 3252 1080 3332 oporte
1066 3251 1105 3314 et.
1153 3250 1186 3315 Si
1219 3254 1383 3332 personas

195 3352 322 3433 spectas,
339 3351 616 3433 frequentissimam
631 3352 787 3418 videbisI.
805 3373 881 3435 pers.
900 3355 988 3438 sing.
1010 3356 1071 3419 tria
1086 3357 1208 3420 tantum
1224 3356 1362 3437 exempla

194 3458 313 3521 exstant
347 3477 423 3539 quae
445 3459 502 3523 ΠΙ.
534 3477 611 3540 pers.
642 3459 718 3542 sing.
748 3461 909 3541 praebent,
939 3461 984 3525 ita
1015 3463 1132 3540 tamen,
1165 3464 1201 3526 ut
1229 3462 1361 3543 primam

68 3614 71 3619 .
193 3581 351 3644 personam
375 3565 520 3645 spectent.
569 3563 706 3630 Secunda
733 3585 860 3647 persona
889 3567 978 3648 plane
1007 3587 1065 3631 non
1088 3568 1253 3649 reperitur,
1279 3568 1362 3649 quod

194 3668 286 3732 etiam
311 3669 494 3752 conjunctivi
516 3670 585 3735 usui
607 3670 639 3734 in
662 3670 826 3737 enuntiatis
848 3672 1000 3754 primariis
1024 3673 1137 3755 optime
1162 3674 1311 3757 congruit.

755 3883 796 3947 Π.

500 4003 636 4074 fcturum
662 4006 690 4072 Ιιι
714 4006 872 4074 enuntiatis
897 4008 1050 4089 peinana.

280 4199 353 4264 darn
386 4217 477 4281 supra
512 4201 865 4291 commemoravi‚1quid
899 4201 1021 4265 intersit
1054 4202 1135 4266 intor
1164 4204 1304 4267 futurum
1327 4205 1362 4269 et

193 4304 435 4387 conjunctivum:
474 4306 681 4389 conjunctivus
712 4307 827 4372 indicat
857 4308 1009 4373 actionem
1032 4308 1198 4373 instantem
1222 4311 1359 4391 tempore

192 4410 305 4487 futuro,
330 4410 470 4475 futurum
491 4411 616 4491 indicat,
641 4413 758 4494 aliquid
772 4415 941 4496 perfectum
964 4415 1011 4478 iri.
1050 4413 1181 4479 Consilio
1198 4414 1361 4480 indicando
1430 4438 1433 4443 ·
