2992 4988
728 337 768 398 12

163 529 299 595 bilitates
333 530 365 594 in
397 531 446 594 his
481 528 740 594 enuntiationibus
776 547 810 594 eo
845 528 968 592 demum
1003 526 1247 608 exst'te1·unt(l.
1274 527 1326 604 78,

82 634 91 657 ’
164 634 219 705 vri?
248 632 297 722 ἧδ’
329 634 367 722 ἦέ
401 632 567 720 διαρραίσει
600 634 726 720 στρατὸν
760 635 795 721 ἠὲ
830 633 955 719 σαώσει)
991 634 1071 717 quod
1095 623 1184 698 alteri
1215 633 1328 698 actioni

164 743 326 806 eventurae
361 740 453 806 etiam
484 741 581 805 altera
610 742 753 805 eventura
788 739 926 822 opposita
962 742 1023 815 est;
1060 740 1086 803 si
1117 740 1213 803 altera
1246 739 1327 803 aetio

163 848 341 914 autemnon
357 847 465 924 evenit,
490 847 570 912 aetio
586 847 682 912 altera
697 863 756 910 non
779 846 967 922 fortasse,
993 844 1045 909 sed
1069 847 1176 909 oerte
1200 845 1326 909 eveniet.

286 1081 315 1142 2.
347 1079 539 1143 Futurum
562 1078 602 1141 in
625 1077 853 1141 enuntiatis
876 1075 1204 1158 interrogativis.

251 1270 354 1336 Unum
376 1273 499 1336 tentum
520 1271 637 1353 primae
668 1289 812 1353 personae
842 1267 940 1336 exstat
968 1269 1157 1352 exemplum,
1182 1269 1328 1354 ψεύσομαι
1352 1283 1355 1289 ’

163 1375 310 1464 ἢέτυμον
344 1377 441 1463 ἐρέω,
477 1377 549 1460 quia
579 1377 719 1442 futurum
747 1375 957 1441 adhortatione
986 1393 1085 1440 oerore
1113 1374 1326 1440 intelleximus.
1399 1464 1402 1470 .

49 1478 53 1486 ’
162 1481 293 1566 Propter
316 1501 384 1547 eam
408 1483 598 1567 eonjunativo
628 1482 755 1547 insitam
785 1481 938 1547 sobonem
960 1483 1092 1564 primam
1115 1498 1274 1563 personam
1295 1481 1329 1545 in
1448 1540 1451 1547 .

162 1588 424 1654 enuntiationibus
447 1588 678 1672 interrogativis
700 1589 872 1670 pmevalere
895 1588 1038 1669 vidimus,
1062 1588 1098 1651 ut
1119 1605 1200 1652 nune
1222 1589 1328 1652 seeun-

163 1695 234 1760 dam
257 1712 416 1777 personam
439 1695 549 1760 futuri.
594 1685 716 1760 Tertiae
750 1711 893 1776 personne
925 1693 985 1758 tria
1018 1694 1164 1776 praebent
1192 1693 1329 1776 exempla

164 1800 300 1866 earmina
322 1799 494 1866 Homerica.

587 1991 905 2012 mmmmm

728 2167 763 2230 Β.

214 2305 467 2407 conjunctivus
497 2312 533 2385 ot
558 2309 722 2386 futurum
747 2308 785 2386 in
814 2307 1008 2386 enuntiatis
1037 2254 1274 2386 seenniariis.

253 2516 364 2582 Omnes
387 2519 608 2584 enuntiationes
631 2519 823 2585 secundarius
841 2538 875 2584 ex
891 2518 1152 2584 enuntiationibus
1175 2516 1329 2599 primariis
1367 2600 1370 2605 Ι

110 2681 113 2686 .
163 2614 320 2704 μιολοολαε
353 2642 434 2702 esse,
469 2625 632 2709 hypotaxin
670 2646 686 2690 a
724 2625 861 2708 parataxi
896 2642 1051 2690 emanasse
1089 2623 1222 2706 plurima
1259 2625 1330 2687 sunt

163 2727 288 2794 indieia.

252 2834 379 2918 Tripliei
401 2837 519 2902 ratione
541 2836 694 2919 parataxis
718 2836 846 2902 defluxit
868 2837 907 2902 ad
929 2837 1101 2920 hypotaxin.

255 2940 288 3025 1)
322 2939 610 3026 Gonjunetivns
641 2942 699 3024 (et
731 2943 972 3026 optativus),
997 2942 1102 3008 unde
1132 2943 1186 3026 (se.
1217 2962 1329 3008 aeon·

159 3048 329 3133 jungendo)
358 3050 453 3114 etium
483 3067 592 3113 noman
622 3049 718 3114 traxit
746 3049 798 3113 hie
825 3049 950 3127 modus,
975 3049 1116 3114 usitati
1148 3052 1261 3114 erant
1284 3049 1330 3113 ed

164 3139 376 3219 enuntiate
406 3174 536 3220 seeum
566 3154 839 3239 conjungenda
861 3156 1110 3238 parataetiee
1133 3155 1327 3238 apposita.

163 3258 255 3324 Hune
277 3260 420 3342 loquendi
443 3279 534 3326 usum
568 3279 664 3343 patrea
687 3263 809 3326 tantum
832 3262 864 3326 in
887 3261 1014 3326 Homeri
1038 3261 1223 3326 earminibus
1247 3279 1330 3325 eom·

163 3366 293 3447 probant
316 3366 462 3448 exemplu,
487 3385 564 3450 quae
579 3367 666 3449 quasi
681 3366 900 3451 primigenium
923 3368 1167 3433 enuntiationum
1190 3365 1330 3432 finalium
1435 3456 1438 3461 .

164 3490 259 3555 genus
282 3471 421 3536 habenda
444 3475 524 3539 sunt.
1048 3482 1049 3486 ’
1320 3473 1324 3480 ’

164 3593 195 3656 Ζ
213 3596 288 3670 340,
313 3592 376 3658 ἀλλ’
399 3595 462 3678 ἄγε,
488 3600 538 3661 νῦν
561 3597 716 3683 ἐπιμεῒνον,
741 3597 834 3684 ἀρήια
857 3598 966 3685 τεύχεα
990 3598 1074 3661 δύω.

165 3701 199 3762 Χ
217 3702 293 3776 418,
314 3699 439 3790 ’σχέσθε
454 3703 554 3788 φίλοι.
570 3754 576 3766 .
592 3754 598 3766 .
614 3753 621 3768 .

295 3805 449 3893 λίσσωμ’
471 3809 567 3894 ἀνέρα
590 3812 700 3873 τοῦτον.

221 3915 297 3989 450,
321 3914 408 3978 δεῦτε
431 3914 496 3978 δύω
514 3939 566 3999 μοι
589 3912 728 3979 ἕπεσθον·
752 3912 858 4001 ἴδωμ’
881 3914 949 3980 ὅτιν’
972 3914 1046 4001 ἔργα
1070 3917 1205 3980 τέτυκται.

173 4019 203 4081 Ψ
220 4023 272 4094 71,
296 4017 394 4083 δάπτε
412 4043 452 4104 με
476 4022 534 4083 bru
557 4023 688 4108 τάχιστα,
713 4019 806 4094 πύλας
826 4017 922 4084 ’.λίδαο
945 4023 1112 4109 περήσω.

164 4148 182 4205 γ
205 4126 257 4200 18,
274 4123 345 4189 ,ἀλλ’
367 4124 422 4208 ἄγε
446 4129 496 4190 νῦν
512 4124 587 4200 bibe
607 4127 649 4190 κίε
674 4127 825 4212 Νέστορος
845 4128 1029 4213 ἱπποδάμοιο·

296 4228 413 4316 εἴδομεν
436 4233 472 4319 ἦν
496 4257 557 4296 τινα
576 4237 661 4321 μῆπν
685 4233 727 4296 ἐνὶ
750 4232 890 4320 σιήιλεσσι
913 4232 1061 4297 κείιευδεν.

139 4351 182 4424 ’χ
207 4339 280 4412 130,
302 4327 447 4423 βέλπερυν
472 4336 536 4402 αὖτ’
560 4337 634 4425 ἔριδι
657 4338 870 4434 ξυνελαυνέμεν
894 4341 952 4403 (irre
975 4343 1105 4428 τάχιστα.

296 4440 412 4528 εἴδομεν
436 4445 595 4531 ὁπποτέρῳ
619 4469 668 4509 κεν
692 4443 840 4531 Ὀλύμπιος
860 4446 950 4520 κῦδος
971 4445 1073 4534 δρέξρ.
