2992 4988
737 336 778 400 20

173 532 274 594 tamen
309 548 364 611 ego
400 544 517 610 quoque
552 529 623 610 quin
646 529 781 594 Ameisio
817 529 963 593 assentiar
993 528 1090 591 facere
1121 547 1180 592 non
1203 547 1335 609 possum.

172 635 217 698 lle
241 636 352 699 aoristo
388 636 547 719 sigmatico
581 636 664 700 verbi
695 634 792 723 τίθημι
816 637 852 699 of.
878 634 1067 716 Savelsberg‚
1117 635 1192 712 „Die
1215 633 1337 707 Aonstc

176 740 308 803 nucina
346 741 484 804 d'dHKA
523 741 623 803 lll'n‘r
658 741 688 804 in
724 741 887 824 „Symbola
918 741 991 822 phil.
1021 743 1095 805 Bon.
1128 741 1159 804 in
1193 741 1337 805 honorem

172 848 270 912 Fried.
296 848 458 912 Ritschelii
481 868 509 929 p.
535 849 608 914 508.
651 847 741 926 „Alle
764 849 893 912 llormcn
917 847 969 911 der
992 847 1077 911 Modl
1100 847 1214 929 obliqui
1239 866 1337 911 uiarcn

172 954 230 1018 mit
252 978 273 1016 σ
293 955 370 1018 nach
394 955 446 1018 der
468 953 704 1037 regelmassigen
728 953 960 1038 Acristbildung
991 953 1047 1018 auf
1066 978 1149 1018 -σο
1173 954 1334 1018 fiectiert.“

59 1098 63 1103 -
171 1060 270 1142 Quam
293 1062 331 1126 ob
355 1081 418 1126 rem
442 1062 577 1146 etiamp
603 1064 632 1126 6.
681 1059 715 1122 Π
739 1053 857 1125 24311
881 1081 970 1126 usum
1006 1061 1187 1145 conjunctivi
1218 1080 1334 1125 revoco.

259 1187 346 1268 Quod
369 1187 408 1251 ad
434 1188 456 1264 Α
480 1189 544 1251 344
568 1186 714 1268 pertinet:

301 1295 373 1358 οὐδέ
407 1319 431 1358 rr
464 1293 527 1357 οἶδε
563 1299 666 1381 νοῆσαι
700 1295 762 1378 ἅμα
796 1293 919 1378 πρόσσω
953 1294 1000 1356 καὶ
1029 1292 1152 1367 ὀπίσσω,

304 1405 407 1476 ὅππως
428 1403 460 1465 οἷ
478 1402 562 1487 παρὰ
586 1403 669 1488 νηυσὶ
692 1401 757 1463 σόοι
775 1399 930 1487 ραχεοίοιτ’
955 1399 1068 1486 Ἀχαιοί.

168 1514 248 1575 recte
272 1511 421 1592 imprimis
444 1509 588 1574 restituta
610 1511 657 1572 est
673 1510 769 1572 forma
780 1506 935 1594 papante?
952 1526 1007 1588 pro
1019 1507 1188 1594 μαχέοιντο,
1213 1507 1336 1589 qualem
1361 1491 1364 1496 ’

168 1618 297 1699 optativi
320 1618 449 1681 formam
472 1615 606 1680 carmina
629 1614 755 1678 Homeri
778 1633 836 1678 non
859 1615 1012 1696 praebent.
1060 1614 1253 1679 Thierschius
1277 1615 1332 1680 Gr.

168 1723 221 1788 Gr.
246 1730 263 1800 ᾖ
288 1725 362 1800 347,
387 1725 447 1786 Ι.ο
470 1721 626 1804 proposuit
649 1721 980 1808 fusurum-papauer,
1005 1740 1133 1802 eumque
1150 1721 1246 1786 secuti
1263 1724 1335 1786 sunt

168 1831 309 1912 Freytag,
326 1810 579 1912 Ntigelsbachius,
597 1825 759 1892 Bekkerus.
807 1828 955 1910 Equidem
978 1828 1116 1892 futurum
1139 1827 1336 1892 refutandum

7 1916 10 1920 ⁴
66 2003 68 2006 ,
168 1954 231 2000 esse
256 1955 360 2000 censeo
384 1936 421 1999 dc
445 1935 542 1999 causis
566 1954 657 2017 supra
681 1934 836 2015 expositis3
869 1953 964 2016 aequa
997 1932 1222 2017 conjunctivum
1245 1933 1335 1998 resti-

168 2042 316 2107 tuendum
339 2061 403 2107 esse
427 2061 496 2105 cum
520 2043 663 2118 Porsena,
688 2040 855 2119 Salaciam,
881 2041 998 2117 Vossio,
1022 2041 1177 2104 Kritischc
1203 2041 1333 2118 Blatter,

169 2149 192 2212 l.
218 2169 246 2230 p.
275 2151 347 2226 195,
374 2151 447 2226 ⁶229,
472 2147 605 2213 ostendit
620 2148 783 2225 Ameisius
808 2147 940 2230 Anhang
963 2167 999 2210 nu
1020 2148 1150 2211 Homers
1166 2148 1202 2211 ll.
1220 2148 1243 2208 Α
1260 2149 1334 2212 347.

262 2256 312 2319 Od.
336 2279 362 2319 ο.
388 2257 428 2320 29
451 2255 915 2340 ...........,ρερμερίζιον

167 2363 270 2434 ὅππως
296 2362 333 2448 δή
359 2366 544 2449 μνηστῆρσιν
568 2360 701 2425 elucidem
719 2365 828 2448 χεῖρας
855 2362 960 2448 ἐφήσει
983 2363 1079 2425 forma
1102 2361 1207 2448 ἐφήσει
1235 2363 1331 2442 optat.

166 2487 288 2551 apocop.
313 2469 418 2534 estut
436 2493 460 2556 χ
484 2471 535 2544 98,
560 2468 680 2552 copem)

255 2575 409 2640 Nonnulla
433 2577 550 2640 exstant
573 2576 709 2657 exempla
732 2575 972 2639 enuntiationum
996 2574 1144 2653 finalium,
1168 2576 1198 2639 in
1222 2573 1333 2657 quibus

167 2682 393 2764 conjunctivum
415 2682 587 2764 praeteritis
598 2682 758 2746 verborum
774 2682 878 2745 formis
894 2682 1091 2765 subjunctum
1113 2682 1330 2764 intellegimus.

166 2788 253 2851 Nihil
277 2788 376 2853 dicam
399 2789 436 2853 de
459 2788 579 2853 aoristis
612 2788 643 2851 in
679 2787 962 2869 comparationibus,
998 2807 1072 2870 quos
1104 2788 1143 2851 ad
1165 2787 1332 2870 praesentis

165 2895 310 2978 temporis
334 2894 585 2978 significationem
608 2896 748 2959 accedere
771 2897 905 2976 apparet,
942 2895 1103 2959 concedam
1126 2895 1219 2959 etiam
1241 2896 1332 2977 hujus

167 3003 304 3066 mutatae
327 3003 500 3066 structurae
525 3021 647 3066 causam
670 3001 701 3064 in
724 3001 876 3065 nonnullis
911 3001 1053 3083 exemplis
1076 3001 1107 3065 in
1130 3001 1232 3084 rigore
1255 3021 1331 3082 quo-

166 3109 403 3174 demorationis
438 3108 567 3190 positam
603 3127 682 3183 essm
717 3107 774 3171 hoc
797 3107 919 3189 quddam
943 3107 1059 3171 certum
1083 3109 1138 3185 cst,
1163 3107 1332 3171 maximum

165 3216 369 3298 exemplorum
407 3234 568 3294 numerum
613 3216 794 3279 eventum
832 3233 850 3277 a
888 3215 1075 3294 loquente
1114 3213 1332 3278 etiamnum

165 3322 448 3403 exspectatum
487 3321 627 3385 indicare.
680 3321 766 3386 Unus
804 3322 925 3385 tantum
963 3319 1139 3403 Bernhardy
1177 3320 1270 3384 hanc·
1293 3320 1331 3384 de

166 3431 274 3492 eventu
313 3428 411 3493 adhuc
449 3429 621 3510 exspectato
662 3427 843 3492 sententiam
881 3427 1076 3492 artificiosam
1115 3445 1178 3490 esse
1218 3426 1329 3505 censet,

165 3535 350 3599 Wissensch.
384 3534 497 3618 Syntax
532 3534 584 3599 der
618 3554 662 3617 gr.
695 3533 761 3616 Spr.
794 3555 822 3615 p.
851 3536 913 3600 104
948 3534 1049 3598 adnot.
1087 3532 1248 3616 „olrglcich
1282 3533 1331 3596 die

164 3643 308 3709 neuesten
331 3641 526 3705 Theoretiker
549 3641 606 3704 den
631 3640 801 3724 conjunctiv
824 3639 883 3705 mit
905 3640 1069 3705 seltsamen
1092 3641 1249 3717 Klinsten,
1274 3639 1330 3701 uia

164 3748 213 3812 die
236 3747 408 3830 Berichung
431 3747 486 3810 auf
505 3746 552 3810 die
576 3747 678 3809 Dauer
700 3746 750 3823 ist,
775 3766 812 3810 zu
835 3748 933 3811 retten
957 3747 1101 3811 suchen.“

253 3852 354 3932 Quum
377 3853 501 3917 eaedem
523 3852 691 3933 particulae
713 3851 818 3916 finales
841 3853 872 3916 in
895 3852 1059 3917 enuntiatis
1084 3851 1232 3933 copulatis
1248 3851 1330 3933 apud

255 4102 273 4166 ¹)
293 4099 454 4168 Savelsberg
479 4098 540 4162 „die
560 4098 659 4152 aoriste
680 4095 797 4151 anona
818 4095 935 4152 canda
956 4095 1044 4152 HKA“
1062 4115 1088 4166 p.
1108 4099 1167 4161 512,
1188 4098 1247 4162 513,
1267 4097 1327 4152 527.

163 4175 241 4224 Anni.
261 4171 285 4234 5,
306 4170 437 4239 ejusmodi
456 4186 514 4223 esse
533 4170 632 4223 formas
652 4170 767 4237 optativi
786 4169 967 4223 demonstrat:

251 4259 285 4312 in
304 4258 459 4327 Odyssea
472 4278 495 4311 or
514 4260 574 4322 404,
593 4257 757 4327 ἀπορραίσει.
772 4288 804 4297 -
822 4259 844 4324 β
860 4259 912 4312 248
928 4259 1080 4329 μενοινήσει.
1093 4259 1152 4312 -l
1171 4257 1222 4311 585
1242 4258 1327 4323 κύψει.

164 4361 196 4369 -
217 4331 266 4383 591
288 4331 380 4382 lucaei.
401 4361 433 4369 -
454 4331 538 4390 3329
557 4331 686 4400 νοστήσει,
706 4361 738 4368 -
759 4348 773 4380 o
793 4330 844 4383 386
863 4331 964 4400 ἐφήσει.

251 4418 285 4472 in
305 4419 422 4472 Iliade
443 4417 506 4479 144,
527 4419 633 4471 τελέσει.
662 4449 695 4456 -
718 4416 780 4470 162
801 4419 926 4489 ἀτιμήσει.
947 4450 979 4457 -
1005 4419 1055 4472 38ss
1076 4419 1164 4471 πείσει.
1186 4449 1217 4456 -
1237 4415 1261 4470 P
1275 4418 1328 4472 515
1409 4464 1418 4471 .

86 4559 88 4564 Α
161 4489 279 4560 μελήσει.
299 4519 331 4528 -
356 4487 424 4542 Τ81
445 4489 558 4542 ἀκούσει.
579 4519 611 4528 —-
637 4489 663 4541 Ψ
680 4490 727 4543 191
748 4489 845 4559 capla.
865 4519 897 4528 —
922 4488 1014 4543 52672
1033 4490 1119 4542 ὃείσει.
1192 4521 1196 4528 -
