2992 4988
766 311 809 377 34

209 503 238 569 Ω
260 508 337 584 655,
360 510 419 571 τῶν
442 503 474 570 εἰ
491 505 533 581 τίς
552 529 588 570 σε
610 503 700 571 ἴδοιτο

343 611 432 677 αὐτίκ’
456 611 493 677 ἂν
516 611 624 684 ἐξείποι
646 613 838 699 Ἀγαμέανονι

338 718 389 783 καί
408 741 457 782 κεν
480 719 642 806 ἀνᾴθληοις
661 719 761 794 λύσιος
782 721 898 805 νειςοοῒο
920 717 1046 804 γένηται.

293 825 338 890 In
369 825 739 908 comparationibus
767 843 923 908 nunquam
951 823 1010 901 κέν,
1033 841 1122 907 saepo
1153 821 1197 887 ἄν
1227 822 1263 886 ei
1286 841 1375 888 sen-

205 931 363 999 tentiae
386 951 482 1015 quae
504 933 631 998 totam
653 932 866 1016 imaginem
889 930 1048 996 inducit
1070 930 1288 996 adstructo
1313 930 1377 994 eet

203 1038 422 1121 particula,
438 1057 523 1107 eum
539 1039 712 1123 singulis
728 1038 916 1105 membris
932 1037 1163 1121 comparationis
1186 1059 1233 1104 κε,
1246 1035 1376 1119 panti-

206 1145 297 1209 oula
321 1144 492 1211 consociata

206 1251 235 1314 B
265 1253 349 1328 475,
384 1251 452 1326 τοὺς
489 1251 527 1329 δ’,
563 1251 643 1328 ὥστ’,
686 1253 804 1317 αἰπόλια
845 1252 946 1316 πλατέ’
984 1253 1076 1333 αἰγῶν
1108 1250 1222 1314 αἰπόλοι
1264 1249 1379 1336 ἄνδρες

333 1360 405 1445 ῥεῖα
428 1358 623 1446 διακρίνωσιν,
647 1359 714 1424 ἐπεί
733 1382 767 1424 κε
789 1359 873 1445 νόμῳ
891 1358 1039 1445 μιγέωσιν.

337 1465 375 1530 of.
402 1463 524 1531 [⁷324.
547 1505 592 1515 —
616 1465 739 1532 Pena.
761 1503 806 1513 -
835 1464 960 1531 doio.
982 1454 1077 1528 -ο
1101 1469 1130 1529 7.

291 1570 428 1636 Eandem
449 1572 550 1638 valere
572 1572 722 1638 rationem
744 1573 777 1638 in
794 1573 1014 1655 temporalibus
1037 1570 1204 1637 enuntiatis
1227 1572 1260 1636 et
1280 1571 1376 1654 hypo·

203 1676 327 1742 thetidis
349 1677 407 1761 (εἰ)
431 1677 552 1761 singula
576 1678 687 1743 donent
709 1679 854 1763 exempla.

292 1783 400 1848 Finem
433 1783 633 1866 disputationi
666 1788 820 1867 imponere
850 1804 909 1850 non
932 1803 1073 1867 poenum,
1097 1784 1275 1868 priusquam
1298 1802 1376 1866 qnae

204 1889 241 1954 de
265 1888 449 1974 conjunctivi
472 1891 504 1955 et
525 1890 623 1955 futuri
656 1907 715 1956 usu
737 1891 900 1956 Homenioo
935 1891 1036 1956 adhue
1069 1890 1146 1955 mihi
1162 1946 1165 1951 .
1179 1889 1262 1954 dieta
1293 1892 1374 1969 sunt,

203 1997 347 2078 exemplis
381 2015 500 2080 qnoque
532 1997 761 2063 illustravenim.
808 1996 946 2063 Omnia
979 1997 1056 2063 mihi
1088 1996 1176 2063 initio
1209 1995 1241 2061 in
1275 1997 1375 2061 animo

202 2102 262 2168 fuit
285 2103 390 2167 aliene
414 2103 551 2186 exempla
572 2122 650 2186 quaa
672 2105 837 2187 praebeant
861 2105 996 2169 carmina
1018 2102 1196 2180 Homen'oa3
1231 2102 1285 2168 sed
1307 2121 1376 2186 per·

203 2208 329 2273 suadere
351 2209 429 2274 mihi
450 2227 509 2274 non
531 2211 678 2292 poteram,
703 2209 776 2293 quin
799 2211 826 2275 si
849 2229 874 2275 e.
892 2229 921 2294 g.
946 2209 1075 2275 omnia
1097 2209 1257 2275 enuntiata
1271 2209 1376 2275 finalia

203 2315 463 2400 conjunctionibus
498 2315 556 2392 ἵνα,
591 2317 642 2393 ὡς,
676 2317 759 2391 ὅπως
791 2318 849 2382 ete.
885 2317 1038 2396 instituta,
1073 2334 1203 2399 quorum
1236 2318 1375 2381 sescenta
1453 2390 1458 2396 ,

202 2440 296 2504 paene
318 2421 447 2501 exstant,
471 2422 678 2501 exscriberem,
702 2422 819 2506 aliquid
842 2423 989 2489 momenti
1011 2423 1158 2487 adenem.
1191 2422 1237 2487 Ea
1251 2425 1375 2489 tantum

202 2527 340 2594 finalium
363 2528 541 2594 excutienda
563 2528 640 2593 mihi
669 2528 851 2595 videbantur
883 2528 1058 2608 enuntiata,
1082 2547 1210 2611 quorum
1233 2529 1265 2593 in
1288 2531 1374 2594 ante-

202 2633 326 2699 cedente
360 2634 478 2701 exstitit
512 2635 662 2701 sententia
695 2637 817 2718 tempus
850 2635 1047 2715 matoneum,
1081 2636 1239 2717 praeterea
1271 2635 1375 2700 omnia

202 2741 318 2804 contuli
341 2740 499 2806 enuntiate
521 2741 686 2823 inquibus
709 2741 879 2823 particulae
902 2740 939 2806 ἄν
962 2744 995 2807 et
1016 2741 1065 2805 κέν
1087 2741 1290 2807 inueniuntur.
