2992 4988
732 309 774 374 33

169 509 193 570 0
219 511 274 585 69,
299 508 334 571 ἐκ
355 510 407 569 τοῦ
431 504 457 567 δ’
482 504 518 568 ἄν
542 529 584 568 τοι
606 502 706 568 ἔπειτα
729 502 867 573 παλίωξιν
890 503 973 587 παρὰ
997 507 1076 589 νηῶν

303 613 370 678 αἰὲν
392 611 452 694 ἐγὼ
475 611 612 699 τεύχοιμι.

136 801 139 807 Δ
164 720 196 785 Ξ
217 724 295 797 102,
319 716 397 783 ἔνθα
419 741 453 782 κε
475 719 514 805 σή
533 717 630 803 βουλή
653 717 821 804 δηλήσεται,
845 711 968 803 ὄρχαμε
990 715 1080 778 λαῶν.

256 828 294 890 In
317 824 484 890 enuntiatis
518 822 667 906 negativis
701 822 861 905 praecipue
884 821 936 899 ἄν,
959 821 992 884 in
1014 819 1152 903 positivis
1181 819 1339 902 praecipue

163 935 214 998 κέν
237 932 393 1016 particula
420 929 605 1008 adstruitur,
630 947 656 993 e.
680 948 710 1012 g.
734 929 765 992 in
797 929 962 993 enuntiatis
992 927 1144 1009 primariis
1175 945 1245 990 cum
1269 944 1339 989 con·
1462 954 1465 959 ·

160 1022 303 1124 junetivo
326 1038 376 1103 vel
398 1037 502 1101 futuro
527 1039 546 1100 6
570 1034 737 1100 sententiae
759 1033 919 1118 negativae
935 1053 1006 1097 oum
1028 1033 1178 1114 particula
1194 1032 1230 1096 ἄν
1246 1050 1340 1113 oppo-

165 1147 246 1210 sitae
269 1145 343 1210 sunt
367 1147 386 1209 2
411 1140 568 1207 sententiis
596 1141 745 1224 negativis
778 1159 848 1205 cum
878 1138 1029 1222 particula
1051 1139 1114 1218 κέν,
1139 1141 1157 1203 5
1183 1138 1340 1203 sententiis

165 1251 368 1334 positivis
402 1268 473 1313 cum
506 1248 658 1330 particula
680 1247 722 1310 ἄν
745 1247 937 1331 opponuntur
968 1247 1009 1311 33
1034 1244 1235 1327 positivae
1269 1263 1339 1308 cum

166 1356 320 1440 particula
335 1355 397 1420 κέν
402 1380 415 1432 ,·
428 1355 460 1419 in
475 1352 640 1419 enuntiatis
656 1352 840 1418 secundariis
856 1353 946 1436 longe
961 1351 1134 1435 saepissime
1149 1350 1339 1433 reperiuntur

166 1463 222 1526 ούκ
244 1462 291 1543 ἅν,
316 1461 415 1526 rarius
439 1460 512 1524 ούδέ
535 1483 579 1538 κε,
602 1457 642 1523 ού
662 1482 720 1524 κεν.

255 1570 295 1635 In
317 1567 484 1634 enuntiatis
518 1566 707 1650 disjunctivis
740 1566 772 1631 in
806 1566 916 1649 quibus
939 1565 1016 1629 duae
1039 1563 1257 1647 possibilitates
1281 1561 1337 1627 sibi

166 1677 242 1740 sunt
264 1673 422 1759 oppositae
445 1692 563 1756 semper
584 1673 626 1752 κέ,
650 1692 806 1755 nunquam
828 1672 865 1736 ἄν
888 1672 1066 1737 adhibetur:

168 1781 189 1844 δ
212 1782 289 1857 545,
312 1779 334 1868 ή
355 1782 413 1866 rqc
432 1803 482 1865 μιν
505 1779 584 1853 ζωύν
607 1802 640 1862 χε
663 1780 805 1866 κιχήσεαι,
828 1777 849 1865 ή
870 1803 919 1842 κεν
943 1777 1080 1864 Ὀρέστης

301 1888 411 1950 κτεῖνεν
434 1883 653 1971 ύποριλοήιενος.

213 1995 289 2069 733,
313 1994 340 2057 εἰ
362 1993 420 2078 γὰρ
444 1992 504 2074 ἐγὼ
527 1989 665 2078 ποδύμην
688 1991 797 2078 ταύτην
820 1991 894 2055 ύδδν
917 1989 1106 2077 ὁρμαίνοντα,

303 2102 349 2183 τῷ
369 2121 402 2162 κε
420 2098 490 2183 μάλ’
514 2095 535 2185 ή
557 2120 605 2161 κεν
629 2095 725 2182 ἔμεινε
747 2099 795 2160 καὶ
818 2096 979 2182 ἐσσύμενός
999 2119 1056 2180 περ
1079 2096 1173 2171 ὁδοῖο,

301 2203 323 2291 ή
344 2204 377 2268 κέ
395 2227 437 2288 με
458 2202 634 2291 τεθνηκυῖαν
658 2203 700 2266 ἐνὶ
718 2203 874 2289 μεμῖροισι
897 2201 1001 2266 ἔλειπε.

168 2311 194 2374 Λ
220 2313 296 2386 431,
320 2310 452 2397 σήμερον
473 2308 493 2396 ἢ
517 2309 619 2372 δοιοῖσι
641 2308 779 2378 ἐπεύξεαι
800 2306 1004 2396 Ἱππασίδησιν,

301 2522 323 2610 ή
344 2545 393 2586 κεν
416 2523 482 2607 ἐμῷ
504 2522 560 2586 ὑπὸ
584 2522 670 2606 δουρὶ
693 2523 791 2594 τυπεὶς
810 2521 871 2585 ἀπὸ
895 2519 990 2606 δαρὸν
1012 2521 1145 2607 ὀλέσσῃς.

258 2629 364 2711 Neque
397 2627 670 2712 interrogationum
703 2628 927 2710 gominatarum
961 2628 1060 2692 ullum
1095 2646 1165 2691 cum
1187 2626 1335 2708 particula

169 2736 192 2799 ἄ
199 2761 214 2799 ν
237 2736 338 2800 exstat
361 2735 541 2818 exemplum.
1305 2796 1307 2800 .

257 2841 317 2907 Sed
351 2843 421 2906 ante
455 2840 556 2904 omnia
589 2841 647 2904 hoc
677 2840 798 2922 quidem
829 2841 1028 2923 spectandum
1051 2842 1107 2919 est,
1130 2840 1282 2923 imprimis
1305 2841 1336 2904 in

167 2947 333 3013 enuntiatis
367 2947 503 3012 relativis
536 2947 657 3011 notione
691 2947 887 3029 hypothetica
920 2947 953 3011 κέ
987 2947 1185 3030 particulam,
1218 2948 1338 3028 praeter

167 3055 248 3119 tria
264 3054 399 3134 exempla
416 3072 498 3117 cum
521 3051 723 3135 particula
746 3053 769 3117 ἄ
775 3078 805 3134 ν,
828 3054 998 3137 pronomini
1009 3052 1135 3117 relativo
1148 3052 1338 3117 adstructam

167 3159 302 3242 reperiri,
329 3159 431 3224 estant
453 3160 686 3240 exempla1133
710 3160 803 3224 etiam
826 3160 857 3225 in
880 3161 1045 3225 enuntiatis
1067 3158 1203 3224 relativis
1218 3161 1338 3224 notione

167 3265 251 3330 finali
284 3265 372 3330 nulla
406 3284 477 3330 cum
510 3265 662 3347 particula
685 3265 732 3342 ἄν,
758 3269 799 3331 16
823 3286 894 3331 cum
916 3267 1067 3350 particula
1089 3267 1147 3345 κέν,
1172 3270 1191 3332 3
1215 3267 1337 3331 tantum

166 3372 231 3437 sine
265 3373 394 3452 utraque
432 3370 584 3453 particula
621 3373 793 3439 occurrunt.
840 3371 873 3438 si
908 3371 1139 3438 Gassclmannus
1180 3373 1245 3451 „De
1279 3392 1337 3437 usu

167 3477 389 3559 particularum
424 3476 461 3540 ἄν
490 3479 522 3542 ct
550 3476 600 3541 κέν
633 3478 715 3561 apud
748 3478 936 3544 Homerum“
973 3482 1048 3562 p.4
1077 3479 1170 3544 dicit:
1206 3480 1276 3555 ,μέν
1299 3479 1338 3543 ad

167 3584 385 3668 cogitationem
419 3583 482 3667 ejus
518 3583 571 3666 qni
604 3584 756 3667 loquitur,
781 3584 818 3649 ἄν
841 3585 880 3650 ad
902 3605 966 3650 rem
989 3586 1088 3669 ipsam
1110 3587 1269 3666 refertur‚“
1293 3587 1338 3652 ita

166 3690 307 3773 equidem
329 3689 421 3755 velim
437 3710 465 3755 v.
480 3690 529 3754 dd.
555 3684 672 3770 duent,
696 3691 744 3756 κέν
768 3691 807 3755 ad
825 3691 858 3755 id
876 3692 957 3774 quod
977 3693 1102 3775 loquens
1120 3692 1157 3757 de
1175 3695 1282 3757 certa
1305 3711 1337 3756 re

167 3797 303 3879 quadam
326 3815 360 3860 co
385 3796 450 3875 tet,
474 3795 511 3859 ἄν
534 3796 574 3861 ad
589 3798 688 3863 totam
703 3797 922 3863 sententiarum
939 3798 1161 3863 cohaerentiam
1176 3799 1337 3864 refertur.“

166 3902 249 3967 Huic
284 3901 541 3986 argumentationi
574 3904 788 3986 praeterquam
821 3907 868 3969 est
901 3903 1091 3983 documento,
1126 3904 1206 3987 quod
1240 3905 1271 3968 in
1294 3905 1337 3969 eis

167 4007 349 4086 enuntiatis,
379 4026 456 4091 qnae
488 4009 649 4091 utramque
679 4010 864 4094 particulam
887 4010 1037 4089 exhibent,
1068 4009 1279 4093 particulata
1303 4012 1338 4075 ut

166 4114 287 4179 notione
310 4114 439 4195 amplior
461 4115 639 4197 plerumque
661 4116 829 4198 particulae
851 4116 900 4180 κέν
922 4117 1133 4200 praegreditur
1156 4116 1194 4181 cf.
1218 4119 1338 4200 praeter

166 4215 244 4306 ὄφρ’
268 4220 305 4283 ἂν
323 4219 380 4305 μέν
402 4243 451 4284 κεν
476 4221 588 4297 Anca,
611 4244 628 4285 ε
652 4224 727 4300 361,
751 4224 773 4296 ζ
791 4224 854 4287 259
879 4223 971 4288 etiam
995 4246 1015 4284 σ
1036 4225 1118 4288 318:

303 4324 339 4413 ήν
362 4348 419 4412 περ
443 4328 500 4413 γιήο
524 4327 548 4390 κ’
572 4325 716 4392 ἐύέλιοστν

168 4433 192 4495 Δ
215 4435 290 4510 353,
314 4429 409 4518 ὄψεαι
431 4431 468 4520 ήν
491 4431 646 4520 ἐύέλησύα
669 4437 717 4498 καὶ
740 4432 771 4498 εἴ
788 4436 837 4499 κέν
860 4459 902 4498 τοι
933 4435 968 4499 τὰ
987 4437 1105 4524 μεμήλη

1161 4559 1178 4612 3
